@book{kerievsky2005refactoring,
  title={Refactoring to Patterns},
  author={Joshua Kerievsky},
  year={2004},
  publisher={Addison-Wesley}
}

@inproceedings{silva2015jextract,
author = {Danilo Silva and Ricardo Terra and Marco Tulio Valente},
title = {{JExtract}: An {Eclipse} Plug-in for Recommending Automated {Extract} {Method} Refactorings},
booktitle = {V Brazilian Conference on Software: Theory and Practice (CBSoft), Tools Session},
year = {2014},
pages = {29-36},
pdf = {http://professores.dcc.ufla.br/~terra/publications_files/2014_cbsoft_tools.pdf},
www = {http://aserg.labsoft.dcc.ufmg.br/jextract/},
qualis = {No},
}

@inproceedings{2014_icpc,
author = {Danilo Silva and Ricardo Terra and Marco Tulio Valente},
title = {Recommending Automated {Extract} {Method} Refactorings},
booktitle = {22nd International Conference on Program Comprehension (ICPC)},
year = {2014},
pages = {146-156},
qualis = {A2},
pdf = {http://professores.dcc.ufla.br/~terra/publications_files/2014_icpc.pdf},
}

@inproceedings{fokaefs2011jdeodorant,
  title={{JDeodorant}: Identification and Application of {Extract} {Class} Refactorings},
  author={Marios Fokaefs and Nikolaos Tsantalis and Eleni Stroulia and Alexander Chatzigeorgiou},
  booktitle={33rd International Conference on Software Engineering (ICSE)},
  pages={1037--1039},
  year={2011},
}

@inproceedings{jdeodoratcsmr,
  title={Identification of extract method refactoring opportunities},
  author={Nikolaos Tsantalis and Alexander Chatzigeorgiou},
  booktitle={13th European Conference on Software Maintenance and Reengineering (CSMR)},
  pages={119--128},
  year={2009},
}

@article{jdeodoranttse,
  title={Identification of move method refactoring opportunities},
  author={Nikolaos Tsantalis and Alexander Chatzigeorgiou},
  journal={IEEE Transactions on Software Engineering (TSE)},
  volume={35},
  number={3},
  pages={347--367},
  year={2009},
}

@inproceedings{seke2013b, 
   author = {Ricardo Terra and Joao Brunet and Luis Miranda and Marco Tulio Valente and Dalton Serey and Douglas Castilho and Roberto Bigonha}, 
   booktitle = {25th International Conference on Software Engineering and Knowledge Engineering (SEKE)}, 
   title = {Measuring the Structural Similarity between Source Code Entities}, 
   year = {2013}, 
   pages = {753--758}, 
   pdf = {http://www.dcc.ufmg.br/~mtov/pub/2013_seke_ricardo.pdf} 
}

@book{thejava,
  title={The Java Language Specification: Java SE 8 Edition},
  author={James Gosling and Bill Joy and Guy Steele and Gilad Bracha and Alex Buckley},
  year={2015},
  publisher={Oracle America}
}

@book{algogen,
  title={Introduction to Genetic Algorithms},
  author={S.N. Sivanandam and S. N. Deepa},
  year={2007},
  publisher={Springer Science \& Business Media}
}

@book{otimiza,
  title={Multi-Objective Optimization Using Evolutionary Algorithms},
  author={Kalyanmoy Deb},
  year={2001},
  publisher={John Wiley & Sons}
}

@book{tukey,
	title = {Tukey’s Test},
	author = {Winston Haynes},
	year = {2013},
    publisher = {Springer New York},
}

@book{patterndesig,
  title={Design Patterns : Elements of Reusable Object-Oriented Software},
  author={Erich Gamma and John Vlissides and Ralph Johnson and Richard Helm},
  year={1995},
  publisher={Addison-Wesley}
}

@book{javaosgi,
  title={Introduction to Java Application Architecture: Modularity Patterns with Examples Using OSGi},
  author={Kirk Knoernschild},
  year={2012},
  publisher={Prentice Hall}
}

@book{sm,
  title={Cluster analysis for researchers},
  author={H.C. Romesburg},
  year={1981},
  publisher={Lifetime Learning
Publications}
}

@inproceedings{2013_seke,
author = {Ricardo Terra and Joao Brunet and Luis Miranda and Marco Tulio Valente and Dalton Serey and Douglas Castilho and Roberto S. Bigonha},
booktitle = {25th International Conference on Software Engineering and Knowledge Engineering (SEKE)},
title = {Measuring the Structural Similarity between Source Code Entities},
year = {2013},
pages = {753-758},
pdf = {http://professores.dcc.ufla.br/~terra/publications_files/2013_seke.pdf},
qualis = {B1},
}

@inproceedings{simon2001metrics,
  title={Metrics based refactoring},
  author={Frank Simon and Frank Steinbruckner and Claus Lewerentz},
  booktitle={50th European Conference on Software Maintenance and Reengineering},
  pages={30--38},
  year={2001},
  }
  
@book{livrooptimi,
title={Evolutionary Computation and Optimization Algorithms in Software Engineering: Applications and Techniques},
author={Monica Chis},
year={2010},
publisher={Information Science Reference}
}

@book{livro,
  title={Extremal Optimization: Fundamentals, Algorithms, and Applications},
  author={Yong-Zai Lu AND Yu-Wang Chen ND Min-Rong Chen and Peng Chen and Guo-Qiang Zeng},
  year={2016},
  publisher={Auerbach Publications}
}

@book{fow03,
  title={UML Distilled: a Brief Guide to the Standard Object Modeling Language},
  author={Martin Fowler},
  year={2004},
  publisher={Addison-Wesley}
}

@inproceedings{2012_cbsoft_tools,
author = {Ricardo Terra and Marco Tulio Valente and Roberto S. Bigonha and Krzysztof Czarnecki},
title = {{DCLfix}: A Recommendation System for Repairing Architectural Violations},
year = {2012},
pages = {1-6},
booktitle = {III Brazilian Conference on Software: Theory and Practice (CBSoft), Tools Session},
pdf = {http://professores.dcc.ufla.br/~terra/publications_files/2012_cbsoft_tools.pdf},
qualis = {No},
}

@inproceedings{abebe2009lexicon,
  title={Lexicon Bad Smells in Software},
  author={Surafel Lemma Abebe and Sonia Haiduc and Paolo Tonella and Andrian Marcus},
  booktitle={16th Working Conference on Reverse Engineering (WCRE)},
  pages={95--99},
  year={2009},
}

@inproceedings{garcia2009identifying,
  title={Identifying Architectural Bad Smells},
  author={Garcia, Joshua and Popescu, Daniel and Edwards, George and Medvidovic, Nenad},
  booktitle={13th European Conference on Software Maintenance and Reengineering (CSMR)},
  pages={255--258},
  year={2009},
}

@article{Alkhalid2010,
title = "Software refactoring at the function level using new Adaptive K-Nearest Neighbor algorithm ",
journal = "Advances in Engineering Software ",
volume = "41",
number = "10–11",
pages = "1160 - 1178",
year = "2010",
note = "",
issn = "0965-9978",
doi = "http://dx.doi.org/10.1016/j.advengsoft.2010.08.002",
url = "http://www.sciencedirect.com/science/article/pii/S0965997810001043",
author = "Abdulaziz Alkhalid and Mohammad Alshayeb and Sabri Mahmoud",
keywords = "Software refactoring",
keywords = "Clustering",
keywords = "Cohesion",
keywords = "Code restructuring",
keywords = "Function level cohesion",
keywords = "Software quality "
}

@article{myapp,
  title={Survey of multi-objective optimization methods for engineering},
  author={R.T. Marler and J.S. Arora},
  journal={Structural and multidisciplinary optimization},
  volume={26},
  number={6},
  pages={369--395},
  year={2004},
  publisher={Springer}
}

@article{marler2004survey,
  title={Survey of multi-objective optimization methods for engineering},
  author={R.T. Marler and J.S. Arora},
  journal={Structural and multidisciplinary optimization},
  volume={26},
  number={6},
  pages={369--395},
  year={2004},
  publisher={Springer}
}

@article{Alkhalid2011,
  title={Software refactoring at the class level using clustering techniques},
  author={Alkhalid, Abdulaziz and Alshayeb, Mohammad and Mahmoud, Sabri A and others},
  journal={Journal of Research and Practice in Information Technology},
  volume={43},
  number={4},
  pages={285},
  year={2011}
}

@article{jaccard1912,
  title={The Distribution of the Flora in the Alpine Zone},
  author={Paul Jaccard},
  journal={New Phytologist},
  volume={11},
  number={2},
  pages={37--50},
  year={1912},
  publisher={Wiley Online Library}
}

@article{outliers,
  title={Tutorial review—Outliers in experimental data and their treatment},
  author={James N. Miller},
  journal={Analyst},
  volume={118},
  number={5},
  pages={455--461},
  year={1993},
  publisher={The Royal Society of Chemistry}
}

@article{nsga,
  title={A fast and elitist multiobjective genetic algorithm: {NSGA}-{II}},
  author={Kalyanmoy Deb and Amrit Pratap and Sameer Agarwal and T. A. M. T. Meyarivan},
  journal={IEEE Transactions on Evolutionary Computation},
  volume={6},
  number={2},
  pages={182--197},
  year={2002},
}

@article{deb2002fast,
  title={A fast and elitist multiobjective genetic algorithm: NSGA-II},
  author={Kalyanmoy Deb and Amrit Pratap and Sameer Agarwal TAMT Meyarivan},
  journal={IEEE Transactions on Evolutionary Computation},
  volume={6},
  number={2},
  pages={182--197},
  year={2002},

}

@ARTICLE{Alkhalid20112, 
author={Alkhalid, A. and Alshayeb, M. and Mahmoud, S.A.},
journal={Software, IET}, 
title={Software refactoring at the package level using clustering techniques}, 
year={2011}, 
volume={5}, 
number={3}, 
pages={276-284}, 
keywords={pattern clustering;software architecture;software maintenance;software metrics;adaptive k-nearest neighbour algorithm;arithmetic average;clustering technique;complete linkage algorithm;computational complexity;computer aided support;internal software complexity;interpackage coupling;intrapackage cohesion;pattern recognition;single linkage algorithm;software adaptation;software architecture;software design;software enhancement;software evolution;software maintenance;software modification;software refactoring;software requirements;weighted pair-group method}, 
doi={10.1049/iet-sen.2010.0070}, 
ISSN={1751-8806}, 
month={June},}


@article{Han201553,
title = "An efficient approach to identify multiple and independent Move Method refactoring candidates ",
journal = "Information and Software Technology ",
volume = "59",
number = "",
pages = "53 - 66",
year = "2015",
note = "",
issn = "0950-5849",
doi = "http://dx.doi.org/10.1016/j.infsof.2014.10.007",
url = "http://www.sciencedirect.com/science/article/pii/S0950584914002183",
author = "Ah-Rim Han and Doo-Hwan Bae and Sungdeok Cha",
keywords = "Refactoring identification process",
keywords = "Refactoring selection",
keywords = "Multiple simultaneous refactorings",
keywords = "Maintainability improvement",
keywords = "Refactoring effect dependency "
}

@article{ananda2012,
  author    = {A. Ananda Rao and
               K. Narendar Reddy},
  title     = {Identifying Clusters of Concepts},
  journal   = {CoRR},
  volume    = {abs/1201.1611},
  year      = {2012},
  url       = {http://arxiv.org/abs/1201.1611},
  timestamp = {Wed, 10 Oct 2012 21:28:46 +0200},
  biburl    = {http://dblp.uni-trier.de/rec/bib/journals/corr/abs-1201-1611},
  bibsource = {dblp computer science bibliography, http://dblp.org}
}

@inproceedings{Biegel2011,
 author = {Biegel, Benjamin and Soetens, Quinten David and Hornig, Willi and Diehl, Stephan and Demeyer, Serge},
 title = {Comparison of Similarity Metrics for Refactoring Detection},
 booktitle = {Proceedings of the 8th Working Conference on Mining Software Repositories},
 series = {MSR '11},
 year = {2011},
 isbn = {978-1-4503-0574-7},
 location = {Waikiki, Honolulu, HI, USA},
 pages = {53--62},
 numpages = {10},
 url = {http://doi.acm.org/10.1145/1985441.1985452},
 doi = {10.1145/1985441.1985452},
 acmid = {1985452},
 publisher = {ACM},
 address = {New York, NY, USA},
 keywords = {code clones, mining software repositories, refactoring, replication experiment, similarity metrics, software evolution},
} 

@book{petticrew2008systematic,
  title={Systematic reviews in the social sciences: A practical guide},
  author={Petticrew, Mark and Roberts, Helen},
  year={2008},
  publisher={John Wiley \& Sons}
}

@inproceedings{binkley1998validation,
  title={Validation of the Coupling Dependency Metric as a Predictor of Run-Time Failures and Maintenance Measures},
  author={Aaron B Binkley and Stephen R Schach},
  booktitle={20th International Conference on Software Engineering (ICSE)},
  pages={452--455},
  year={1998},
}

@inproceedings{melo1996evaluating,
  title={Evaluating the Impact of Object-Oriented Design on Software Quality},
  author={Melo, Walcelio and others},
  booktitle={3rd International Software Metrics Symposium (ISMS)},
  pages={90--99},
  year={1996},
}

@article{chidamber1998managerial,
  title={Managerial Use of Metrics for Object-Oriented Software: An Exploratory Analysis},
  author={Shyam R Chidamber and David P Darcy and Chris F Kemerer},
  journal={IEEE Transactions on Software Engineering (TSE)},
  volume={24},
  number={8},
  pages={629--639},
  year={1998},
}

@phdthesis{opdyke1992refactoring,
  title={Refactoring object-oriented frameworks},
  author={Opdyke, William F},
  year={1992},
  school={University of Illinois at Urbana-Champaign}
}

@inproceedings{Cassell2011,
 author = {Cassell, Keith and Anslow, Craig and Groves, Lindsay and Andreae, Peter},
 title = {Visualizing the Refactoring of Classes via Clustering},
 booktitle = {Proceedings of the Thirty-Fourth Australasian Computer Science Conference - Volume 113},
 series = {ACSC '11},
 year = {2011},
 isbn = {978-1-920682-93-4},
 location = {Perth, Australia},
 pages = {63--72},
 numpages = {10},
 url = {http://dl.acm.org/citation.cfm?id=2459296.2459304},
 acmid = {2459304},
 publisher = {Australian Computer Society, Inc.},
 address = {Darlinghurst, Australia, Australia},
 keywords = {clustering, graph, maintainability, refactoring, software visualization},
} 

@inproceedings{charalampidou,
 author = {Charalampidou, Sofia and Ampatzoglou, Apostolos and Avgeriou, Paris},
 title = {Size and Cohesion Metrics As Indicators of the Long Method Bad Smell: An Empirical Study},
 booktitle = {Proceedings of the 11th International Conference on Predictive Models and Data Analytics in Software Engineering},
 series = {PROMISE '15},
 year = {2015},
 isbn = {978-1-4503-3715-1},
 location = {Beijing, China},
 pages = {8:1--8:10},
 articleno = {8},
 numpages = {10},
 url = {http://doi.acm.org/10.1145/2810146.2810155},
 doi = {10.1145/2810146.2810155},
 acmid = {2810155},
 publisher = {ACM},
 address = {New York, NY, USA},
 keywords = {Long method, case study, cohesion, metrics, size},
} 

@Article{Chatzigeorgiou2013,
author="Chatzigeorgiou, Alexander
and Manakos, Anastasios",
title="Investigating the evolution of code smells in object-oriented systems",
journal="Innovations in Systems and Software Engineering",
year="2013",
volume="10",
number="1",
pages="3--18",
issn="1614-5054",
doi="10.1007/s11334-013-0205-z",
url="http://dx.doi.org/10.1007/s11334-013-0205-z"
}

@INPROCEEDINGS{Dexun2012, 
author={Jiang Dexun and Ma Peijun and Su Xiaohong and Wang Tiantian}, 
booktitle={Instrumentation, Measurement, Computer, Communication and Control (IMCCC), 2012 Second International Conference on}, 
title={Detecting Bad Smells with Weight Based Distance Metrics Theory}, 
year={2012}, 
pages={299-304}, 
keywords={computational complexity;public domain software;software maintenance;software metrics;JFreeChart open source code;Jaccard distance;automatic approach;bad smell detection;feature envy bad smell;low time complexity;manual detection;program design;refactoring oppotunity;weight based distance metrics theory;Couplings;Feature extraction;Inspection;Manuals;Measurement;Software;Visualization;distance metrics theory;feature envy bad smell;refactoring opportunity;weight based distance metrics theory}, 
doi={10.1109/IMCCC.2012.74}, 
month={Dec},}

@misc{marinescu2006object,
  title={Object-oriented Metrics in Practice},
  author={Marinescu, Radu and Lanza, Michelle},
  year={2006},
  publisher={Springer}
}

@book{jainalgo,
 author = {Jain, Anil K. and Dubes, Richard C.},
 title = {Algorithms for Clustering Data},
 year = {1988},
 isbn = {0-13-022278-X},
 publisher = {Prentice-Hall, Inc.},
 address = {Upper Saddle River, NJ, USA},
} 

@inproceedings{marinescu2005iplasma,
  title={iPlasma: An integrated platform for quality assessment of object-oriented design},
  author={Marinescu, Cristina and Marinescu, Radu and Mihancea, Petru Florin and Wettel, R},
  booktitle={In ICSM (Industrial and Tool Volume},
  year={2005},
  organization={Citeseer}
}

@inproceedings{Fokaefs2011,
 title={{JDeodorant}: Identification and Application of {Extract} {Class} Refactorings},
  author={Marios Fokaefs and Nikolaos Tsantalis and Eleni Stroulia and Alexander Chatzigeorgiou},
  booktitle={33rd International Conference on Software Engineering (ICSE)},
  pages={1037--1039},
  year={2011},
} 

@article{Fokaefs2012,
title = "Identification and application of Extract Class refactorings in object-oriented systems ",
journal = "Journal of Systems and Software ",
volume = "85",
number = "10",
pages = "2241 - 2260",
year = "2012",
note = "Automated Software Evolution ",
issn = "0164-1212",
doi = "http://dx.doi.org/10.1016/j.jss.2012.04.013",
url = "http://www.sciencedirect.com/science/article/pii/S0164121212001057",
author = "Marios Fokaefs and Nikolaos Tsantalis and Eleni Stroulia and Alexander Chatzigeorgiou",
keywords = "Refactoring",
keywords = "Software reengineering",
keywords = "Object-oriented programming",
keywords = "Clustering "
}

@INPROCEEDINGS{Huiqing2010, 
author={Huiqing Li and Thompson, S.}, 
booktitle={Source Code Analysis and Manipulation (SCAM), 2010 10th IEEE Working Conference on}, 
title={Refactoring Support for Modularity Maintenance in Erlang}, 
year={2010}, 
pages={157-166}, 
keywords={software architecture;software maintenance;Erlang;Wrangler;general purpose refactoring tool;modularity maintenance;software architecture;software modularity;support refactoring;Application programming interface;Computer languages;Maintenance engineering;Manganese;Programming;Software;Software architecture;Erlang;Modularity Maintenance;program analaysis;program transformation;refactoring}, 
doi={10.1109/SCAM.2010.17}, 
month={Sept},}


@article{AlDallal2015231,
title = "Identifying Refactoring Opportunities in Object-Oriented Code: A {Systematic} {Literature} {Review} ",
journal = "Information and Software Technology",
volume = "58",
pages = "231--249",
year = "2015",
author = "Jehad Al Dallal",
}

@book{fowler1999refactoring,
  title={Refactoring: Improving the Design of Existing Code},
  author={Martin Fowler and Kent Beck and John Brant and William Opdyke and Don Roberts},
  year={1999},
  publisher={Addison-Wesley}
}

@INPROCEEDINGS{Naseem2010, 
author={Rashid Naseem and Onaiza Maqbool and Siraj Muhammad}, 
booktitle={2nd International Conference on Computational Intelligence, Modelling and Simulation ({CIMSiM})}, 
title={An Improved Similarity Measure for Binary Features in Software Clustering}, 
year={2010}, 
pages={111-116}, 
}

@INPROCEEDINGS{Srinivas2010, 
author={Srinivas, M. and Mohan, C.K.}, 
booktitle={Neural Networks (IJCNN), The 2010 International Joint Conference on}, 
title={Efficient clustering approach using incremental and hierarchical clustering methods}, 
year={2010}, 
pages={1-7}, 
keywords={Internet;data mining;pattern clustering;Web mining application;cohesion similarity measure;dataset grouping;hierarchical clustering method;hybrid clustering algorithm;incremental clustering method;leader algorithm;linkage algorithm;Algorithm design and analysis;Classification algorithms;Clustering algorithms;Clustering methods;Lead;Merging;Partitioning algorithms}, 
doi={10.1109/IJCNN.2010.5596666}, 
ISSN={1098-7576}, 
month={July},}

@INPROCEEDINGS{Amannejad2014, 
author={Amannejad, Y. and Moshirpour, M. and Far, B.H. and Alhajj, R.}, 
booktitle={Information Reuse and Integration (IRI), 2014 IEEE 15th International Conference on}, 
title={From requirements to software design: An automated solution for packaging software classes}, 
year={2014}, 
pages={36-43}, 
keywords={formal specification;object-oriented methods;software packages;software quality;clustering algorithm;package diagram;requirement elicitation;similarity measure;software design;software engineering;software quality;Algorithm design and analysis;Clustering algorithms;Heuristic algorithms;Ontologies;Packaging;Software;Software algorithms;Clustering;Package diagrams;Requirement elicitation;Scenario-based software specifications;System design;message sequence charts}, 
doi={10.1109/IRI.2014.7051869}, 
month={Aug},}

@INPROCEEDINGS{Napoli2013, 
author={Napoli, C. and Pappalardo, G. and Tramontana, E.}, 
booktitle={Complex, Intelligent, and Software Intensive Systems (CISIS), 2013 Seventh International Conference on}, 
title={Using Modularity Metrics to Assist Move Method Refactoring of Large Systems}, 
year={2013}, 
pages={529-534}, 
keywords={computational complexity;graphics processing units;software maintenance;software metrics;GPU;component complexity;computation time;computing metrics;large software systems;modularity metrics;move method refactoring;Arrays;Couplings;Graphics processing units;Instruction sets;Kernel;Measurement;Software systems;GPU;metric;refactoring;software engineering}, 
doi={10.1109/CISIS.2013.96}, 
month={July},}

@INPROCEEDINGS{Younes2015, 
author={Younes, A.A. and Blanchard, F. and Herbin, M.}, 
booktitle={Computer Science and Information Systems (FedCSIS), 2015 Federated Conference on}, 
title={New similarity index based on the aggregation of membership functions through OWA operator}, 
year={2015}, 
pages={163-168}, 
keywords={data analysis;fuzzy set theory;pattern matching;OWA operator;aggregation operators;data analysis;fuzzified reference object;fuzzy attributes;fuzzy set theory;membership function aggregation;pairwise similarity;similarity index;Context;Fuzzy set theory;Indexes;Measurement;Open wireless architecture;Yttrium}, 
doi={10.15439/2015F174}, 
month={Sept},}

@INPROCEEDINGS{Kimura2012, 
author={Kimura, S. and Higo, Y. and Igaki, H. and Kusumoto, S.}, 
booktitle={Software Maintenance (ICSM), 2012 28th IEEE International Conference on}, 
title={Move code refactoring with dynamic analysis}, 
year={2012}, 
pages={575-578}, 
keywords={program diagnostics;software maintenance;software quality;system monitoring;code quality;dynamic analysis;dynamic dispatch;method traces;program source code refactoring;runtime information;static analysis;Cloning;Conferences;Data visualization;Image color analysis;Performance analysis;Software maintenance;Move Method refactoring;dynamic analysis;refactoring;software maintenance}, 
doi={10.1109/ICSM.2012.6405324}, 
ISSN={1063-6773}, 
month={Sept},}


@ARTICLE{Liu2014, 
author={Hui Liu and Yang Liu and Guo Xue and Yuan Gao}, 
journal={Software, IET}, 
title={Case study on software refactoring tactics}, 
year={2014}, 
volume={8}, 
number={1}, 
pages={1-11}, 
keywords={software maintenance;software process improvement;software quality;Eclipse UDC;Eclipse usage data collector;extract method;floss refactoring;refactoring density;rename method;root canal refactoring;software external behaviour preservation;software quality improvement;software refactoring tactics;usage data information}, 
doi={10.1049/iet-sen.2012.0121}, 
ISSN={1751-8806}, 
month={February},}

@ARTICLE{Bavota2014, 
author={Bavota, G. and Oliveto, R. and Gethers, M. and Poshyvanyk, D. and De Lucia, A.}, 
journal={Software Engineering, IEEE Transactions on}, 
title={Methodbook: Recommending Move Method Refactorings via Relational Topic Models}, 
year={2014}, 
volume={40}, 
number={7}, 
pages={671-694}, 
keywords={software maintenance;software metrics;source code (software);Methodbook;modifications drift;quality metrics;recommending move method refactorings;relational topic model;software development;software maintenance;source code;Couplings;Educational institutions;Electronic mail;Measurement;Object oriented modeling;Software systems;Refactoring;empirical studies;relational topic models}, 
doi={10.1109/TSE.2013.60}, 
ISSN={0098-5589}, 
month={July},}

@INPROCEEDINGS{Basit2012, 
author={Basit, W. and Lodhi, F. and Bhatti, M.U.}, 
booktitle={Computer Software and Applications Conference Workshops (COMPSACW), 2012 IEEE 36th Annual}, 
title={Evaluating the Extended Refactoring Guidelines}, 
year={2012}, 
pages={260-265}, 
keywords={Java;program testing;software maintenance;Java outputs;clients classes;extended refactoring guidelines;move method refactoring;observable behavior;program behavior;restructured classes;semantic violations;test classes;unit testing;Guidelines;Java;Maintenance engineering;Production;Semantics;Software;Testing;Refactoring;maintenance;postconditions;preconditions;unit testing}, 
doi={10.1109/COMPSACW.2012.55}, 
month={July},}

@INPROCEEDINGS{Meananeatra2011, 
author={Meananeatra, P. and Rongviriyapanish, S. and Apiwattanapong, T.}, 
booktitle={Electrical Engineering/Electronics, Computer, Telecommunications and Information Technology (ECTI-CON), 2011 8th International Conference on}, 
title={Using software metrics to select refactoring for long method bad smell}, 
year={2011}, 
pages={492-495}, 
keywords={chemioception;data flow graphs;software maintenance;software metrics;bad smell;control flow graphs;data flow graphs;long method;movie rental system;refactoring filtering condition;software maintainability;software metrics;software refactoring;Measurement;Switches;Bad Smell;Long Method;Refactoring Identification;Software Maintainability;Software Metrics}, 
doi={10.1109/ECTICON.2011.5947882}, 
month={May},}

@inproceedings{Sales2013,
author = {Vitor Sales and Ricardo Terra and Luis Fernando Miranda and Marco Tulio Valente},
title = {Recommending {Move} {Method} Refactorings Using Dependency Sets},
booktitle = {20th Working Conference on Reverse Engineering (WCRE)},
year = {2013},
pages = {232-241},
pdf = {http://professores.dcc.ufla.br/~terra/publications_files/2013_wcre.pdf},
qualis = {A2},
}

@inproceedings{2015_elaes_lima,
author = {Rafael S. Lima and Ricardo Terra},
title = {An\'{a}lises Estruturais para Identifica\c{c}\~{a}o de Falso-Positivos em Recomenda\c{c}\~{o}es de Refatora\c{c}\~{a}o},
booktitle = {2nd Latin-American School on Software Engineering (ELA-ES), Position Paper},
year = {2015},
pages = {1-4},
pdf = {http://www.dcc.ufla.br/~terra/publications_files/2015_elaes_lima.pdf},
qualis = {No},
}

@INPROCEEDINGS{Oliveto2011, 
author={Oliveto, R. and Gethers, M. and Bavota, G. and Poshyvanyk, D. and De Lucia, A.}, 
booktitle={Software Engineering (ICSE), 2011 33rd International Conference on}, 
title={Identifying method friendships to remove the feature envy bad smell: NIER track}, 
year={2011}, 
pages={820-823}, 
keywords={program compilers;software maintenance;NIER track;feature envy bad smell;method friendships identification;move method refactoring opportunities;relational topic models;source code;Accuracy;Couplings;Educational institutions;Facebook;Measurement;Reliability;Software;refactoring;relational topic model;source code quality}, 
doi={10.1145/1985793.1985913}, 
ISSN={0270-5257}, 
month={May},}

@INPROCEEDINGS{Bavota2010, 
author={Bavota, G. and Oliveto, R. and De Lucia, A. and Antoniol, G. and Guéhéneuc, Y.}, 
booktitle={Software Maintenance (ICSM), 2010 IEEE International Conference on}, 
title={Playing with refactoring: Identifying extract class opportunities through game theory}, 
year={2010}, 
pages={1-5}, 
keywords={game theory;software maintenance;software quality;extract class refactoring opportunity identification;game theory techniques;mutation testing;recommendation systems;software engineering;software quality;software refactoring;Couplings;Games;Nash equilibrium;Semantics;Software;Software engineering;Game Theory;Quality metrics;Refactoring}, 
doi={10.1109/ICSM.2010.5609739}, 
ISSN={1063-6773}, 
month={Sept},}

@article{al2012constructing,
  title={Constructing Models for Predicting {Extract} {Subclass} Refactoring Opportunities Using Object-Oriented Quality Metrics},
  author={Jehad Al Dallal},
  journal={Information and Software Technology},
  volume={54},
  number={10},
  pages={1125--1141},
  year={2012},
}

@inproceedings{Kanemitsu2011,
 author = {Kanemitsu, Tomoko and Higo, Yoshiki and Kusumoto, Shinji},
 title = {A Visualization Method of Program Dependency Graph for Identifying Extract Method Opportunity},
 booktitle = {Proceedings of the 4th Workshop on Refactoring Tools},
 series = {WRT '11},
 year = {2011},
 isbn = {978-1-4503-0579-2},
 location = {Waikiki, Honolulu, HI, USA},
 pages = {8--14},
 numpages = {7},
 url = {http://doi.acm.org/10.1145/1984732.1984735},
 doi = {10.1145/1984732.1984735},
 acmid = {1984735},
 publisher = {ACM},
 address = {New York, NY, USA},
 keywords = {program dependency graph, refactoring, visualization},
} 

@INPROCEEDINGS{mahmoud2013, 
author={Mahmoud, A. and Nan Niu}, 
booktitle={Requirements Engineering Conference (RE), 2013 21st IEEE International}, 
title={Supporting requirements traceability through refactoring}, 
year={2013}, 
pages={32-41}, 
keywords={information retrieval;program diagnostics;program verification;software maintenance;software quality;behavior-preserving transformations;distorted lexical tracks;information retrieval;refactoring;requirements traceability tool;requirements-to-code automated tracing method performance;software artifacts;system quality control;textual information restoration;Animals;Educational institutions;Manuals;Measurement;Medical services;Software systems;Refactoring;information retrieval;traceability}, 
doi={10.1109/RE.2013.6636703}, 
month={July},}

@INPROCEEDINGS{Marticorena2010, 
author={Marticorena, R. and López, C. and Crespo, Y. and Pérez, F.J.}, 
booktitle={Software Maintenance and Reengineering (CSMR), 2010 14th European Conference on}, 
title={Refactoring Generics in JAVA: A Case Study on Extract Method}, 
year={2010}, 
pages={212-221}, 
keywords={Java;software maintenance;software tools;source coding;JAVA programming language;extract method;generic definitions;generic instantiations;language specification;refactoring tools;source code;Arrays;Feature extraction;Indexes;Input variables;Java;Software;extract method;generic programming;generics;refactoring;test cases}, 
doi={10.1109/CSMR.2010.38}, 
ISSN={1534-5351}, 
month={March},
}

@INPROCEEDINGS{refeature, 
author={Nongpong, K.}, 
booktitle={Knowledge and Smart Technology (KST), 2015 7th International Conference on}, 
title={Feature envy factor: A metric for automatic feature envy detection}, 
year={2015}, 
pages={7-12}, 
keywords={object-oriented programming;software maintenance;software quality;automatic feature envy detection;design flaw detection;external behavior;feature envy code smell detection;feature envy factor;internal quality;move method refactorings;object-oriented systems;software system;Complexity theory;Couplings;Feature extraction;Measurement;Software quality;Software systems;Tires;code smells;design flaws;feature envy;refactoring;software metric;software quality}, 
doi={10.1109/KST.2015.7051460}, 
month={Jan},}

@INPROCEEDINGS{Pappalardo2013, 
author={Pappalardo, G. and Tramontana, E.}, 
booktitle={Software Engineering Conference (APSEC), 2013 20th Asia-Pacific}, 
title={Suggesting Extract Class Refactoring Opportunities by Measuring Strength of Method Interactions}, 
year={2013}, 
volume={2}, 
pages={105-110}, 
keywords={object-oriented methods;software metrics;extract class refactoring opportunities;large software system analysis;method interactions strength measurement;object-oriented systems;software metrics;Complexity theory;Couplings;Open source software;Receivers;Software measurement;Software systems;metrics;modularity;refactoring}, 
doi={10.1109/APSEC.2013.123}, 
ISSN={1530-1362}, 
month={Dec},}

@inproceedings{Sharma2012,
 author = {Sharma, Tushar},
 title = {Identifying Extract-method Refactoring Candidates Automatically},
 booktitle = {Proceedings of the Fifth Workshop on Refactoring Tools},
 series = {WRT '12},
 year = {2012},
 isbn = {978-1-4503-1500-5},
 location = {Rapperswil, Switzerland},
 pages = {50--53},
 numpages = {4},
 url = {http://doi.acm.org/10.1145/2328876.2328883},
 doi = {10.1145/2328876.2328883},
 acmid = {2328883},
 publisher = {ACM},
 address = {New York, NY, USA},
 keywords = {automatic refactoring candidate identification, data and structure dependency graph, extract-method refactoring, longest edge removal algorithm, refactoring},
}

@inproceedings{Sharma2014,
 author = {Sharma, Tushar and Murthy, Pvr},
 title = {ESA: The Exclusive-similarity Algorithm for Identifying Extract-class Refactoring Candidates Automatically},
 booktitle = {Proceedings of the 7th India Software Engineering Conference},
 series = {ISEC '14},
 year = {2014},
 isbn = {978-1-4503-2776-3},
 location = {Chennai, India},
 pages = {15:1--15:6},
 articleno = {15},
 numpages = {6},
 url = {http://doi.acm.org/10.1145/2590748.2590763},
 doi = {10.1145/2590748.2590763},
 acmid = {2590763},
 publisher = {ACM},
 address = {New York, NY, USA},
 keywords = {ESA, SCOUT, exclusive-similarity algorithm, extract-class refactoring, refactoring candidate identification},
} 

@inproceedings{2014_cbsoft_tools,
author = {Danilo Silva and Ricardo Terra and Marco Tulio Valente},
title = {{JExtract}: An {Eclipse} Plug-in for Recommending Automated {Extract} {Method} Refactorings},
booktitle = {V Brazilian Conference on Software: Theory and Practice (CBSoft), Tools Session},
year = {2014},
pages = {29-36},
pdf = {http://www.dcc.ufla.br/~terra/publications_files/2014_cbsoft_tools.pdf},
www = {http://aserg.labsoft.dcc.ufmg.br/jextract/},
qualis = {No},
}

@inproceedings{Silva2014,
 author = {Silva, Danilo and Terra, Ricardo and Valente, Marco Tulio},
 title = {Recommending Automated Extract Method Refactorings},
 booktitle = {Proceedings of the 22Nd International Conference on Program Comprehension},
 series = {ICPC 2014},
 year = {2014},
 isbn = {978-1-4503-2879-1},
 location = {Hyderabad, India},
 pages = {146--156},
 numpages = {11},
 url = {http://doi.acm.org/10.1145/2597008.2597141},
 doi = {10.1145/2597008.2597141},
 acmid = {2597141},
 publisher = {ACM},
 address = {New York, NY, USA},
 keywords = {Extract Method, Program comprehension supporting tools, Refactoring, Self-documenting methods},
} 

@inproceedings{2012_cbsoft_tools,
author = {Ricardo Terra and Marco Tulio Valente and Roberto S. Bigonha and Krzysztof Czarnecki},
title = {{DCLfix}: A Recommendation System for Repairing Architectural Violations},
year = {2012},
pages = {1-6},
booktitle = {III Brazilian Conference on Software: Theory and Practice (CBSoft), Tools Session},
pdf = {http://www.dcc.ufla.br/~terra/publications_files/2012_cbsoft_tools.pdf},
qualis = {No},
}

@INPROCEEDINGS{terra2012, 
author={Terra, R. and Valente, M.T. and Czarnecki, K. and Bigonha, R.S.}, 
booktitle={Software Maintenance and Reengineering (CSMR), 2012 16th European Conference on}, 
title={Recommending Refactorings to Reverse Software Architecture Erosion}, 
year={2012}, 
pages={335-340}, 
keywords={recommender systems;software architecture;software maintenance;Web-based application;recommendation system;refactoring recommendation;reverse software architecture erosion;Computer architecture;Engines;Production facilities;Software architecture;Software systems;Syntactics;architectural erosion;recommendation system;refactoring}, 
doi={10.1109/CSMR.2012.40}, 
ISSN={1534-5351}, 
month={March},}

@article{2015_spe,
author = {Ricardo Terra and Marco Tulio Valente and Krzysztof Czarnecki and Roberto S. Bigonha},
title = {A Recommendation System for Repairing Violations Detected by Static Architecture Conformance Checking},
journal = {Software: Practice and Experience},
year = {2015},
pages = {315-342},
volume = {45},
number = {3},
pdf = {http://www.dcc.ufla.br/~terra/publications_files/2015_spe.pdf},
www = {http://www.dcc.ufla.br/~terra/papers/2015_spe},
qualis = {A2},
}

@inproceedings{2013_seke,
author = {Ricardo Terra and Joao Brunet and Luis Miranda and Marco Tulio Valente and Dalton Serey and Douglas Castilho and Roberto S. Bigonha},
booktitle = {25th International Conference on Software Engineering and Knowledge Engineering (SEKE)},
title = {Measuring the Structural Similarity between Source Code Entities},
year = {2013},
pages = {753-758},
pdf = {http://www.dcc.ufla.br/~terra/publications_files/2013_seke.pdf},
qualis = {B1},
}

@inproceedings{2013_cbsoft_tools,
author = {Vitor Sales and Ricardo Terra and Luis Fernando Miranda and Marco Tulio Valente},
title = {{JMove}: Seus M\'etodos em Classes Apropriadas},
booktitle = {IV Brazilian Conference on Software: Theory and Practice (CBSoft), Tools Session},
year = {2013},
pages = {1-6},
pdf = {http://www.dcc.ufla.br/~terra/publications_files/2013_cbsoft_tools.pdf},
www = {http://aserg.labsoft.dcc.ufmg.br/jmove/},
qualis = {No},
}

@article{terra2018jmove,
  title={{JMove}: A novel heuristic and tool to detect move method refactoring opportunities},
  author={Ricardo Terra and Marco Tulio Valente and Sergio Miranda and Vitor Sales},
  journal={Journal of Systems and Software},
  volume={138},
  pages={19--36},
  year={2018},
  publisher={Elsevier}
}

@inproceedings{alsi,
  author    		= {Brian De Alwis and Jonathan Sillito},
  title     		= {Why are software projects moving from centralized to decentralized version control systems?},
  booktitle 	= {2nd Cooperative and Human Aspects on Software Engineering (CHASE)},
  year      		= {2009},
  pages     	= {36-39},  
}

@article{hinlauthi,
  author   	 	= {Konrad Hinsen and Konstantin Läufer and George K. Thiruvathukal},
  title     		= {Essential Tools: Version Control Systems},
  journal   		= {Computing in Science \& Engineering},
  volume    	= {11},
  number    	= {6},
  year      		= {2009},
  pages     	= {84-91},  
}

@article{spinellis,
  author   	 	= {Diomidis Spinellis},
  title     		= {Version control systems},
  journal   		= {IEEE Software},
  volume    	= {22},
  number    	= {5},
  year      		= {2005},
  pages     	= {108-109},  
}

@article{spinellisp1,
  author   	 	= {Diomidis Spinellis},
  title     		= {Version Control, Part {1}},
  journal   		= {IEEE Software},
  volume    	= {22},
  number    	= {5},
  year      		= {2005},
  pages     	= {107-107},  
}

@article{spinellisp2,
  author   	 	= {Diomidis Spinellis},
  title     		= {Version Control, Part {2}},
  journal   		= {IEEE Software},
  volume    	= {22},
  number    	= {6},
  year      		= {2005},
  pages     	= {c3-c3},  
}

@article{ruparelia,
  author   	 	= {Nayan B. Ruparelia},
  title     		= {The history of version control},
  journal   		= {ACM SIGSOFT Software Engineering Notes},
  volume    	= {35},
  number    	= {1},
  year      		= {2010},
  pages     	= {5-9},  
}

@article{sullivan,
  author   	 	= {Bryan O'Sullivan},
  title     		= {Making Sense of Revision-control Systems},
  journal   		= {Queue},
  volume    	= {7},
  number    	= {7},
  year      		= {2009},
  pages     	= {30-40},  
}

@inproceedings{berliner,
  author  	  	= {Brian Berliner},
  title     		= {CVS II: Parallelizing Software Development},
  booktitle 	= {Winter USENIX Conference},
  year      		= {1990},
  pages     	= {341-352},  
}

@article{begin,
  author    		= {M-E Bégin and S D Ronco and G D-A Sancho and M Gentilini and E Ronchieri and M Selmi},
  title     		= {Etics meta-data software editing - from check out to commit operations},
  journal   		= {Journal of Physics: Conference Series},
  volume    	= {119},
  number    	= {4},
  year      		= {2008},
  pages     	= {70-93}, 
}

@article{buch,
  author    		= {Thomas Buchmann and Alexander Dotor and Bernhard Westfechtel},
  title     		= {MOD2-SCM: A model-driven product line for software configuration management systems},
  journal   		= {Information and Software Technology},
  volume    	= {55},
  number    	= {3},
  year      		= {2013},
  pages     		= {630-650},  
}

@book{ptf2013,
  author 		= {Mickey Gousset and Martin Hinshelwood and Brian A. Randell and Brian Keller and Martin Woodward},
  title 		= {Professional Application Lifecycle Management with Visual Studio 2013},
  year 		= {2014},
  publisher 	= {John Wiley \& Sons},
  address		= {Indianapolis}, 
}

@book{phpeclipse,
  author 		= {Shu-Wai Chow},
  title 		= {Phpeclipse: A User Guide},
  year 		= {2006},
  publisher 	= {Packt Publishing Ltd},
  address		= {Birmingham}, 
}

@phdthesis{analicomp,
  author    		= {Daniel Tannure Menandro de Freitas},
  title     		= {Análise Comparativa entre Sistemas de Controle de Versões},
  school		= {Faculdade de Ciência da Computação, Universidade Federal de Juiz de Fora},
  type     		= {Graduação},
  year      		= {2010},
}

@book{jenkcon,
  author 		= {Alan Berg},
  title 		= {Jenkins Continuous Integration Cookbook},
  year 		= {2012},
  publisher 	= {Packt Publishing},
  address		= {Birmingham}, 
}

@book{pronet,
  author 		= {Stephen D. Ritchie},
  title 		= {Pro .NET Best Practices},
  year 		= {2011},
  publisher 	= {Apress},
}

@book{icimp,
  author 		= {Paul M. Duvall and Steve Matyas and Andrew Glover},
  title 		= {Continuous Integration: Improving Software Quality and Reducing Risk},
  year 		= {2007},
  publisher 	= {Pearson Education},
  address		= {Boston}, 
}

@inproceedings{assess,
  author    		= {Jon Bowyer and Janet Hughes},
  title     		= {Assessing undergraduate experience of continuous integration and test-driven development},
  booktitle 		= {28th International Conference on Software Engineering (ICSE)},
  year      		= {2006},
  pages     		= {691-694},  
}

@article{contr,
  author    		= {Likoebe M. Maruping and Viswanath Venkatesh and Ritu Agarwal},
  title     		= {A Control Theory Perspective on Agile Methodology Use and Changing User Requirements},
  journal   		= {Information Systems Research},
  volume    	= {20},
  number    	= {3},
  year      		= {2009},
  pages     		= {377-399},  
}

@book{unittes,
  author 		= {Johannes Link},
  title 		= {Unit Testing in Java: How Tests Drive the Code},
  year 		= {2003},
  publisher 	= {Morgan Kaufmann},
  address		= {San Francisco}, 
}

@book{ic,
  author 		= {Duvall Paul},
  title 		= {Continuous Integration},
  year 		= {2007},
  publisher 	= {Pearson Education India},
}

@book{intphp,
  author 		= {Sebastian Bergmann},
  title 		= {Integrating PHP Projects with Jenkins},
  year 		= {2011},
  publisher 	= {O'Reilly Media, Inc},
  address		= {Sebastopol}, 
}

@book{jendef,
  author 		= {John Ferguson Smart},
  title 		= {Jenkins: The Definitive Guide},
  year 		= {2011},
  publisher 	= {O'Reilly Media, Inc},
  address		= {Sebastopol}, 
}

@book{core,
  author 		= {Marty Hall and Larry Brown and Yaakov Chaikin},
  title 		= {Core Servlets and JavaServer Pages, Volume 2: Advanced Technologies},
  year 		= {2007},
  publisher 	= {Pearson Education},
  address		= {Boston}, 
}

@book{agil,
  author 		= {Darja Smite and Nils Brede Moe and Par J. Agerfalk},
  title 		= {Agility Across Time and Space: Implementing Agile Methods in Global Software Projects},
  year 		= {2010},
  publisher 	= {Springer Science \& Business Media}, 
}

misc{fowler,
  author		= {Martin Fowler},
  title			= {Continuous Integration},
  howpublished	= {\url{http://www.dccia.ua.es/dccia/inf/asignaturas/MADS/2013-14/lecturas/10_Fowler_Continuous_Integration.pdf}},
  year		= {2006},
}

@techreport{fowler,
  title={Continuous integration},
  author={Fowler, Martin and Foemmel, Matthew},
  institution={Thought-Works},
  year={2006},
}


@book{builbio,
  author 		= {Conrad Bessant and Darren Oakley and Ian Shadforth},
  title 		= {Building Bioinformatics Solutions},
  year 		= {2014},
  publisher 	= {Oxford University Press},
  address		= {Oxford}, 
}

@book{varargs,
  author 		= {Herbert Schildt},
  title 		= {Java para Iniciantes},
  year 		= {2015},
  pages = {209--215},
  publisher 	= {Bookman},
  edidion    = {6th}, 
}

@book{teamfo,
  author 		= {Ed Blankenship and Martin Woodward and Grant Holliday and Brian Keller},
  title 		= {Professional Team Foundation Server 2012},
  year 		= {2013},
  publisher 	= {John Wiley \& Sons, Inc},
  address		= {Indianapolis}, 
}

@book{agiledev,
  author 		= {Bill Holtsnider and Tom Wheeler and George Stragand and Joe Gee},
  title 		= {Agile Development \& Business Goals: The Six Week Solution},
  year 		= {2010},
  publisher 	= {Morgan Kaufmann},
  address		= {Burlington}, 
}

@inproceedings{agilesof,
  author    		= {Oscar Nierstrasz and Mircea Lungu},
  title     		= {Agile Software Assessment},
  booktitle 		= {20th International Conference on Program Comprehension (ICPC)},
  year      		= {2012},
  pages     		= {3-10},    
}

@inproceedings{introduso,
    author = {David Garlan and Mary Shaw},
    title = {An introduction to software architecture},
    booktitle = {Advances in Software Engineering and Knowledge Engineering},
    year = {1993},
    pages = {1-39},
}

@article{towa,
  author    		= {Rainer Weinreich and Georg Buchgeher},
  title     		= {Towards supporting the software architecture life cycle},
  journal   		= {Journal of Systems and Software},
  volume    	= {85},
  number    	= {3},
  year      		= {2012},
  pages     		= {546-561},  
}

@article{terra2,
  author    		= {Ricardo Terra and Marco Tulio Valente},
  title     		= {A dependency constraint language to manage object-oriented software architectures},
  journal   		= {Software: Practice and Experience},
  volume    	= {39},
  number    	= {12},
  year      		= {2009},
  pages     		= {1073-1094},  
}

@phdthesis{terra1,
  author    		= {Ricardo Terra},
  title     		= {Conformação Arquitetural Utilizando Restrições de Dependência entre Módulos},
  school		= {Puc Minas},
  type     		= {Mestrado},
  year      		= {2009},
}

@article{laksh,
  author    		= {Lakshitha de Silva and Dharini Balasubramaniam},
  title     		= {Controlling software architecture erosion: A survey},
  journal   		= {Journal of Systems and Software},
  volume    	= {85},
  number    	= {1},
  year      		= {2012},
  pages     		= {132-151},  
}


@article{leoterr,
  author    		= {Leonardo Passos and Ricardo Terra and Renato Diniz and Marco Tulio Valente and Nabor Mendon{\c{c}}a},
  title     		= {Static Architecture Conformance Checking: An Illustrative Overview},
  journal   		= {IEEE Software},
  volume    	= {27},
  number    	= {5},
  year      		= {2010},
  pages     		= {132-151},  
}

@article{murphy,
  author    		= {Gail C. Murphy et al.},
  title     		= {Software Reflexion Models: Bridging the Gap between Source and High-Level Models},
  journal   		= {ACM SIGSOFT Software Engineering Notes},
  volume    	= {20},
  number    	= {4},
  year      		= {1995},
  pages     		= {18-28},  
}

@techreport{miodons,
  author    		= {Paul Miodonski and Thomas Forster and Jens Knodel and Mikael Lindvall and Dirk Muthig},
  title     		= {Evaluation of Software Architectures with Eclipse},
  institution 	= {Fraunhofer Publica [http://publica.fraunhofer.de/oai.har] (Germany)},
  year 		= {2004}  
}

@inproceedings{neeraj,
  author    		= {Neeraj Sangal and Ev Jordan and Vineet Sinha and Daniel Jackson},
  title     		= {Using dependency models to manage complex software architecture},
  booktitle 	= {20th Conference on Object-Oriented Programming, Systems, Languages, and Applications (OOPSLA)},
  year      		= {2005},
  pages     	= {167-176}, 
}

@inproceedings{mathie,
  author    		= {Mathieu Verbaere and Michael W. Godfrey and Tudor Gîrba},
  title     		= {Query Technologies and Applications for Program Comprehension},
  booktitle 		= {16th IEEE International Conference on Program Comprehension},
  year      		= {2008},
  pages     		= {285-288},  
}

@book{soren,
  author 		= {S\"oren Frey},
  title 		= {Conformance Checking and Simulation-based Evolutionary Optimization for Deployment and Reconfiguration of Software in the Cloud},
  publisher 	= {Department of Computer Science, CAU Kiel},
  year 		= {2014},
  number 		= {2014/1},
  isbn 		= {9783732297344},
  series 		= {Kiel Computer Science Series},
  note 		= {Dissertation, Faculty of Engineering, Kiel University.},
}

@inproceedings{oege,
  author    		= {Oege de Moor and Mathieu Verbaere and Elnar Hajiyev and Pavel Avgustinov and Torbjorn Ekman and Neil Ongkingco and Damien Sereni and Julian Tibble},
  title     		= {Keynote Address: .QL for Source Code Analysis},
  booktitle 		= {7th IEEE International Conference on Source Code Analysis and Manipulation (SCAM)},
  year      		= {2007},
  pages     		= {3-14},  
}

@inproceedings{aldrish,
  author    		= {Jonathan Aldrich and Craig Chambers and David Notkin},
  title     		= {{ArchJava}: Connecting Software Architecture to Implementation},
  booktitle 		= {24th International Conference on Software Engineering (ICSE)},
  year      		= {2002},
  pages     		= {187-197},  
}

@inproceedings{brunet,
  author    		= {João Brunet and Dalton Serey and Jorge Figueiredo},
  title     		= {Structural Conformance Checking with Design Tests: An Evaluation of Usability and Scalability},
  booktitle 		= {27th International Conference on Software Maintenance (ICSM)},
  year      		= {2011},
  pages     		= {143-152},  
}

@misc{arch,
  author		= {Jonathan Aldrich},
  title			= {ArchJava: Documentation},
  howpublished	= {\url{http://archjava.fluid.cs.cmu.edu/faq.html}},
  year		= {2014},
}

@inproceedings{terra3,
  author    		= {Ricardo Terra and Marco Tulio Valente and Krzysztof Czarnecki and  Roberto S. Bigonha},
  title     		= {Recommending Refactorings to Reverse Software Architecture Erosion},
  booktitle 		= {16th European Conference on Software Maintenance and Reengineering (CSMR)},
  year      		= {2012},
  pages     		= {335-340},  
}

@inproceedings{eichberg,
  author    		= {M. Eichberg and S. Kloppenburg and K. Klose and M. Mezini},
  title     		= {Defining and continuous checking of structural program dependencies},
  booktitle 		= {30th International Conference on Software Engineering (ICSE)},
  year      		= {2008},
  pages     		= {391-400},  
}

@article{ducasse,
  author    		= {S. Ducasse and D. Pollet},
  title     		= {Software architecture reconstruction: A process-oriented taxonomy},
  journal   		= {IEEE Transactions on Software Engineering},
  volume    	= {35},
  number    	= {4},
  year      		= {2009},
  pages     		= {573-591},  
}

@misc{fowler2,
  author		= {Martin Fowler},
  title			= {Patterns of Enterprise Application Architecture},
  howpublished	= {Addison-Wesley, Boston},
  year		= {2002},
}

@misc{garlan,
  author		= {D. Garlan and M. Shaw},
  title			= {Software Architecture: Perspectives on an Emerging Discipline},
  howpublished	= {Prentice Hall},
  year		= {1996},
}

@article{hou,
  author    		= {D. Hou and H. J. Hoover},
  title     		= {Using SCL to specify and check design intent in source code},
  journal   		= {IEEE Transactions on Software Engineering},
  volume    	= {32},
  number    	= {6},
  year      		= {2006},
  pages     		= {404-423},  
}

@inproceedings{knodel,
  author    		= {J. Knodel and D. Popescu},
  title     		= {A comparison of static architecture compliance checking approaches},
  booktitle 		= {6th Working IEEE/IFIP Conference on Software Architecture (WICSA)},
  year      		= {2007},
  pages     		= {12},  
}

@inproceedings{murphy2,
  author    		= {G. Murphy and D. Notkin and K. Sullivan},
  title     		= {Software reflexion models: Bridging the gap between source and high-level models},
  booktitle 		= {3rd Symposium on Foundations of Software Engineering (FSE)},
  year      		= {1995},
  pages     		= {18-28},  
}

@article{perry,
  author    		= {D. E. Perry and A. L. Wolf},
  title     		= {Foundations for the study of software architecture},
  journal   		= {Software Engineering Notes},
  volume    	= {17},
  number    	= {4},
  year      		= {1992},
  pages     		= {40-52},  
}

@inproceedings{sullivan2,
  author    		= {K. J. Sullivan and W. G. Griswold and Y. Cai and B. Hallen},
  title     		= {The structure and value of modularity in software design},
  booktitle 		= {9th International Symposium on Foundations of Software Engineering (FSE)},
  year      		= {2001},
  pages     		= {99-108},  
}

@inproceedings{terra4,
  author    		= {R. Terra and M. T. Valente},
  title     		= {Verificação estática de arquiteturas de software utilizando restrições de dependência},
  booktitle 		= {II Simpósio Brasileiro de Componentes, Arquiteturas e Reutilização de Software (SBCARS)},
  year      		= {2008},
  pages     		= {1-14},  
}

@inproceedings{terra5,
  author    		= {Ricardo Terra and Marco Tulio Valente},
  title     		= {Defini\c{c}\~{a}o de Padr\~{o}es Arquiteturais e seu Impacto em Atividades de Manuten\c{c}\~{a}o de Software},
  year     		= {2010},
  pages     		= {9-16}, 
  booktitle 		= {VII Workshop de Manuten\c{c}\~{a}o de Software Moderna (WMSWM)},
  pdf 			= {http://professores.dcc.ufla.br/~terra/publications_files/2010_wmswm.pdf},
  www 		= {http://professores.dcc.ufla.br/~terra/papers/2010_wmswm},
  qualis		= {No},     
}

@inproceedings{terra6,
  author    		= {R. Terra and M. T. Valente and R. S. Bigonha and K. Czarnecki},
  title     		= {DCLfix: A recommendation system for repairing architectural violations},
  booktitle 		= {II Brazilian Conference on Software: Theory and Practice (CBSoft), Tools Session},
  year      		= {2012},
  pages     		= {1-6},  
}

@inproceedings{terra7,
  author    		= {R. Terra and M. T. Valente and R. S. Bigonha and K. Czarnecki},
  title     		= {A recommendation system for repairing violations detected by static architecture conformance checking},
  booktitle 		= {Software: Practice and Experience},
  year      		= {2013},
  pages     		= {1-28},  
}

@book{standalone,
  author 		= {Prasidh Kumar Mishra},
  title 		= {Managing Electronic Resources},
  publisher 	= {Prasidh Kumar Mishra},
  year 		= {2011},
}

@misc{javamodel,
  author		= {Thomas Kuhn and Olivier Thomann},
  title			= {Abstract Syntax Tree},
  howpublished	= {\url{http://www.eclipse.org/articles/article.php?file=Article-JavaCodeManipulation_AST/index.html}},
  year		= {2006},
}

@inproceedings{2010_wmswm,
  author    		= {Ricardo Terra and Marco Tulio Valente},
  title     		= {Defini\c{c}\~{a}o de Padr\~{o}es Arquiteturais e seu Impacto em Atividades de Manuten\c{c}\~{a}o de Software},
  year     		= {2010},
  pages     		= {9-16}, 
  booktitle 		= {VII Workshop de Manuten\c{c}\~{a}o de Software Moderna (WMSWM)},
  pdf 			= {http://professores.dcc.ufla.br/~terra/publications_files/2010_wmswm.pdf},
  www 		= {http://professores.dcc.ufla.br/~terra/papers/2010_wmswm},
  qualis		= {No},     
}


 @inproceedings{2015_elaes_pinto,
   author     	= {Arthur F. Pinto and Ricardo Terra},
   title      		= {Processo de Conformidade Arquitetural em Integracao Continua},
   booktitle 	= {2nd Latin-American School on Software Engineering (ELA-ES)},
   year       	= {2015},
   pages      	= {1-12},
 }

@inproceedings{paulo_ultimate,
  author        = {Paulo Merson},
  title         = {Ultimate architecture enforcement: custom checks enforced at code-commit time},
  booktitle     = {Conference on Systems, Programming, and Applications: Software for
               Humanity ({SPLASH})},
  pages         = {153-160},
  year          = {2013},
}


@inproceedings{mersoncontinuous,
  title         = {Continuous Inspection},
  author        = {Merson, Paulo and Yoder, Joseph and Guerra, Eduardo and Aguiar, Ademar},
  booktitle     = {2nd Asian Conference on Pattern Languages of Programs (AsianPLoP)},
  pages         = {1-13},
  year          = {2014},
}

@book{sonaraction,
  author 		= {G. Ann Campbell and Patroklos P. Papapetrou},
  title 		= {SonarQube in Action},
  year 		= {2013},
  publisher 	= {Manning}, 
}

@Article{Seaman11,
  Title                    = {Measuring and Monitoring Technical Debt.},
  Author                   = {Seaman, Carolyn B. and Guo, Yuepu},
  Journal                  = {Advances in Computers},
  Year                     = {2011},
  Pages                    = {25-46},
  Volume                   = {82},
  Added-at                 = {2011-04-15T00:00:00.000+0200},
  Biburl                   = {http://www.bibsonomy.org/bibtex/2efd256454f5dba612f2e586d18e83b8c/dblp},
  Ee                       = {http://dx.doi.org/10.1016/B978-0-12-385512-1.00002-5},
  Interhash                = {834276096a189a840d0f674f8c7451cd},
  Intrahash                = {efd256454f5dba612f2e586d18e83b8c},
  Keywords                 = {dblp},
  Timestamp                = {2011-04-29T14:50:44.000+0200}
}

@InProceedings{Brown2010,
  Title                    = {Managing Technical Debt in Software-reliant Systems},
  Author                   = {Brown, Nanette and Cai, Yuanfang and Guo, Yuepu and Kazman, Rick and Kim, Miryung and Kruchten, Philippe and Lim, Erin and MacCormack, Alan and Nord, Robert and Ozkaya, Ipek and Sangwan, Raghvinder and Seaman, Carolyn and Sullivan, Kevin and Zazworka, Nico},
  Booktitle                = {Proceedings of the FSE/SDP Workshop on Future of Software Engineering Research},
  Year                     = {2010},
  Address                  = {New York, NY, USA},
  Pages                    = {47--52},
  Publisher                = {ACM},
  Series                   = {FoSER '10},

  Acmid                    = {1882373},
  Doi                      = {10.1145/1882362.1882373},
  ISBN                     = {978-1-4503-0427-6},
  Keywords                 = {cost-benefit analysis, design decision trade-off, large-scale system development, software metrics, technical debt},
  Location                 = {Santa Fe, New Mexico, USA},
  Numpages                 = {6},
  Url                      = {http://doi.acm.org/10.1145/1882362.1882373}
}

@Article{Cunningham1992,
  Title                    = {The WyCash Portfolio Management System},
  Author                   = {Cunningham, Ward},
  Journal                  = {SIGPLAN OOPS Mess.},
  Year                     = {1992},

  Month                    = dec,
  Number                   = {2},
  Pages                    = {29--30},
  Volume                   = {4},

  Acmid                    = {157715},
  Address                  = {New York, NY, USA},
  Doi                      = {10.1145/157710.157715},
  ISSN                     = {1055-6400},
  Issue_date               = {April 1993},
  Numpages                 = {2},
  Publisher                = {ACM},
  Url                      = {http://doi.acm.org/10.1145/157710.157715}
}

@inproceedings{Giles1998,
	author = {Giles, C. Lee and Bollacker, Kurt D. and Lawrence, Steve},
	title = {CiteSeer: An Automatic Citation Indexing System},
	booktitle = {Proceedings of the Third ACM Conference on Digital Libraries},
	series = {DL '98},
	year = {1998},
	isbn = {0-89791-965-3},
	location = {Pittsburgh, Pennsylvania, USA},
	pages = {89--98},
	numpages = {10},
	url = {http://doi.acm.org/10.1145/276675.276685},
	doi = {10.1145/276675.276685},
	acmid = {276685},
	publisher = {ACM},
	address = {New York, NY, USA},
}

@MISC{Bennett06,
	author = {Rick Bennett and Christina Hengel-dittrich and Die Deutsche Bibliothek and Edward T. O’neill and Barbara B. Tillett},
	title = {Date: 31/08/2006 VIAF (Virtual International Authority File): Linking Die Deutsche Bibliothek and Library of Congress Name Authority Files},
	year = {2006}
}

@article{connaway2011,
	title={Publisher Names in Bibliographic Data},
	author={Connaway, Lynn Silipigni and Dickey, Timothy J},
	journal={Library Resources \& Technical Services},
	volume={55},
	number={4},
	pages={182--194},
	year={2011}
}

@article{Wang2012,
	author = {Wang, Jiannan and Kraska, Tim and Franklin, Michael J. and Feng, Jianhua},
	title = {CrowdER: Crowdsourcing Entity Resolution},
	journal = {Proc. VLDB Endow.},
	issue_date = {July 2012},
	volume = {5},
	number = {11},
	month = jul,
	year = {2012},
	issn = {2150-8097},
	pages = {1483--1494},
	numpages = {12},
	url = {http://dx.doi.org/10.14778/2350229.2350263},
	doi = {10.14778/2350229.2350263},
	acmid = {2350263},
	publisher = {VLDB Endowment},
} 

@article{Tejada2001,
	author = {Tejada, Sheila and Knoblock, Craig A. and Minton, Steven},
	title = {Learning Object Identification Rules for Information Integration},
	journal = {Inf. Syst.},
	issue_date = {December 2001},
	volume = {26},
	number = {8},
	month = dec,
	year = {2001},
	issn = {0306-4379},
	pages = {607--633},
	numpages = {27},
	url = {http://dx.doi.org/10.1016/S0306-4379(01)00042-4},
	doi = {10.1016/S0306-4379(01)00042-4},
	acmid = {514394},
	publisher = {Elsevier Science Ltd.},
	address = {Oxford, UK, UK},
	keywords = {active learning, data cleaning, information integration, machine learning, object identification, record linkage},
} 


@ARTICLE{Agrawal:1993:MAR:170036.170072,
	author = {Agrawal, Rakesh and Imielinski, Tomasz and Swami, Arun},
	title = {Mining association rules between sets of items in large databases},
	journal = {ACM SIGMOD Record},
	year = {1993},
	volume = {22},
	pages = {207--216},
	number = {2},
	month = jun,
	acmid = {170072},
	address = {New York, NY, USA},
	doi = {10.1145/170036.170072},
	issn = {0163-5808},
	issue_date = {June 1, 1993},
	numpages = {10},
	publisher = {ACM},
	url = {http://doi.acm.org/10.1145/170036.170072}
}

@inproceedings{Agrawal1994,
 author = {Agrawal, Rakesh and Srikant, Ramakrishnan},
 title = {Fast Algorithms for Mining Association Rules in Large Databases},
 booktitle = {Proceedings of the 20th International Conference on Very Large Data Bases},
 series = {VLDB '94},
 year = {1994},
 isbn = {1-55860-153-8},
 pages = {487--499},
 numpages = {13},
 url = {http://dl.acm.org/citation.cfm?id=645920.672836},
 acmid = {672836},
 publisher = {Morgan Kaufmann Publishers Inc.},
 address = {San Francisco, CA, USA},
} 

@MISC{Bennett06date,
    author = {Rick Bennett and Christina Hengel-dittrich and Die Deutsche Bibliothek and Edward T. O’neill and Barbara B. Tillett},
    title = {Date: 31/08/2006 VIAF (Virtual International Authority File): Linking Die Deutsche Bibliothek and Library of Congress Name Authority Files},
    year = {2006}
}

@inproceedings{aggarwal2004,
	author = {Aggarwal, Charu C. and Han, Jiawei and Wang, Jianyong and Yu, Philip S.},
	title = {On Demand Classification of Data Streams},
	booktitle = {Proceedings of the Tenth ACM SIGKDD International Conference on Knowledge Discovery and Data Mining},
	series = {KDD '04},
	year = {2004},
	isbn = {1-58113-888-1},
	location = {Seattle, WA, USA},
	pages = {503--508},
	numpages = {6},
	url = {http://doi.acm.org/10.1145/1014052.1014110},
	doi = {10.1145/1014052.1014110},
	acmid = {1014110},
	publisher = {ACM},
	address = {New York, NY, USA},
	keywords = {classification, data streams},
} 

@inproceedings{AlbertiniMelo2007,
	author = {Albertini, Marcelo Keese and de Mello, Rodrigo Fernandes},
	title = {A Self-organizing Neural Network for Detecting Novelties},
	booktitle = {Proceedings of the 2007 ACM Symposium on Applied Computing},
	series = {SAC '07},
	year = {2007},
	isbn = {1-59593-480-4},
	location = {Seoul, Korea},
	pages = {462--466},
	numpages = {5},
	url = {http://doi.acm.org/10.1145/1244002.1244110},
	doi = {10.1145/1244002.1244110},
	acmid = {1244110},
	publisher = {ACM},
	address = {New York, NY, USA},
	keywords = {novelty detection, self-organizing neural networks},
}

@inproceedings{antonie2002text,
	address = {Washington, DC, USA},
	author = {Antonie, Maria L. and Za{\"i}ane, Osmar R.},
	booktitle = {ICDM: Proceedings of the 2002 IEEE International Conference on Data Mining},
	isbn = {0-7695-1754-4},
	pages = {19+},
	posted-at = {2010-05-19 19:16:09},
	priority = {2},
	publisher = {IEEE Computer Society},
	title = {Text Document Categorization by Term Association},
	url = {http://portal.acm.org/citation.cfm?id=844745},
	year = {2002}
}


@book{BaezaYates2011mir,
	author = {Ricardo A. Baeza{-}Yates and Berthier A. Ribeiro{-}Neto},
	title = {Modern Information Retrieval - the concepts and technology behind search, Second edition}, publisher = {Pearson Education Ltd., Harlow, England}, 
	year = {2011}, 
	 url = {http://www.mir2ed.org/},
	isbn = {978-0-321-41691-9},
    timestamp = {Tue, 31 May 2011 21:07:36 +0200},
}

@ARTICLE{Benjelloun:2009:SGA:1541533.1541538,
	author = {Benjelloun, Omar and Garcia-Molina, Hector and Menestrina, David
	and Su, Qi and Whang, Steven Euijong and Widom, Jennifer},
	title = {Swoosh: a generic approach to entity resolution},
	journal = {The VLDB Journal},
	year = {2009},
	volume = {18},
	pages = {255--276},
	number = {1},
	month = jan,
	acmid = {1541538},
	address = {Secaucus, NJ, USA},
	doi = {10.1007/s00778-008-0098-x},
	issn = {1066-8888},
	issue_date = {January 2009},
	keywords = {Data cleaning, Entity resolution, Generic entity resolution},
	numpages = {22},
	publisher = {Springer-Verlag New York},
	url = {http://dx.doi.org/10.1007/s00778-008-0098-x}
}

@BOOK{Berry1997,
	title = {Data Mining Techniques: for Marketing, Sales and Customer Support},
	publisher = {Wiley Computer Publishing},
	year = {1997},
	author = {Berry, Michael. J. A. and Linoff ,Gordon},
	address = {New York, NY, USA},
	owner = {claudiane},
	timestamp = {2013.05.09}
}

@ARTICLE{Bhattacharya2007,
	author = {Bhattacharya, Indrajit and Getoor, Lise},
	title = {Collective entity resolution in relational data},
	journal = {ACM Transactions on Knowledge Discovery from Data (TKDD)},
	year = {2007},
	volume = {1},
	number = {1},
	month = mar,
	acmid = {1217304},
	address = {New York, NY, USA},
	articleno = {5},
	doi = {10.1145/1217299.1217304},
	issn = {1556-4681},
	issue_date = {March 2007},
	keywords = {Entity resolution, data cleaning, graph clustering, record linkage},
	publisher = {ACM},
	url = {http://doi.acm.org/10.1145/1217299.1217304}
}

@INPROCEEDINGS{Bilenko2003a,
	author = {Bilenko, Mikhail and Mooney, Raymond J.},
	title = {Adaptive duplicate detection using learnable string similarity measures},
	booktitle = {Proceedings of the 9th ACM SIGKDD International Conference on Knowledge
	Discovery and Data Mining},
	year = {2003},
	pages = {39--48},
	address = {New York, NY, USA},
	publisher = {ACM},
	acmid = {956759},
	doi = {10.1145/956750.956759},
	isbn = {1-58113-737-0},
	keywords = {SVM applications, data cleaning, distance metric learning, record
	linkage, string edit distance, trained similarity measures},
	location = {Washington, D.C.},
	numpages = {10},
	url = {http://doi.acm.org/10.1145/956750.956759}
}

@INPROCEEDINGS{Bilenko2005,
	author = {Bilenko, M. and Basil, S. and Sahami, M.},
	title = {Adaptive product normalization: using online learning for record
	linkage in comparison shopping},
	booktitle = {Proceedings of the Fifth IEEE International Conference on Data Mining},
	year = {2005},
	pages = {58--65},
	address = {Washington, DC, USA},
	publisher = {IEEE Computer Society},
	doi = {10.1109/ICDM.2005.18},
	issn = {1550-4786},
	keywords = {Internet;home shopping;learning (artificial intelligence);Internet
	comparison shopping;adaptive product normalization;online learning;online
	machine learning;record linkage;similarity function;Application software;Cleaning;Couplings;Data
	mining;Databases;Displays;Internet;Learning systems;Natural language
	processing;Search engines}
}


@article{bouzouita2011generic,
	title={Generic Associative Classification Rules: A Comparative Study},
	author={Bouzouita, I and Elloumi, S},
	journal={International Journal of Advanced Science and Technology,(33)},
	pages={69--84},
	year={2011}
}

@article{ breiman1996,
	year={1996},
	issn={0885-6125},
	journal={Machine Learning},
	volume={24},
	number={2},
	doi={10.1023/A:1018054314350},
	title={Bagging Predictors},
	url={http://dx.doi.org/10.1023/A%3A1018054314350},
	publisher={Kluwer Academic Publishers-Plenum Publishers},
	keywords={Aggregation; Bootstrap; Averaging; Combining},
	author={Breiman, Leo},
	pages={123-140},
	language={English}
}


@INPROCEEDINGS{Carvalho:2006:LD:1141753.1141760,
	author = {de Carvalho, Moisés G. and Gon{\c{c}}alves, Marcos André and Laender,
	Alberto H. F. and da Silva, Altigran S.},
	title = {Learning to deduplicate},
	booktitle = {Proceedings of the 6th ACM/IEEE-CS Joint Conference on Digital Libraries},
	year = {2006},
	pages = {41--50},
	address = {New York, NY, USA},
	publisher = {ACM},
	acmid = {1141760},
	doi = {10.1145/1141753.1141760},
	isbn = {1-59593-354-9},
	keywords = {deduplication, digital libraries, genetic programming},
	location = {Chapel Hill, NC, USA},
	numpages = {10},
	url = {http://doi.acm.org/10.1145/1141753.1141760}
}

@inproceedings{Carvalho2008GN,
	author = {Carvalho, Moisés G. and Laender, Albero H. F. and Gonçalves, Marcos André and da Silva, Altigran S.},
	title = {Replica Identification Using Genetic Programming},
	booktitle = {Proceedings of the 2008 ACM Symposium on Applied Computing},
	series = {SAC '08},
	year = {2008},
	isbn = {978-1-59593-753-7},
	location = {Fortaleza, Ceara, Brazil},
	pages = {1801--1806},
	numpages = {6},
	url = {http://doi.acm.org/10.1145/1363686.1364118},
	doi = {10.1145/1363686.1364118},
	acmid = {1364118},
	publisher = {ACM},
	address = {New York, NY, USA},
	keywords = {genetic programming, replica identification},
} 

@INPROCEEDINGS{Carvalho:2006:LD:1141753.1141760,
	author = {de Carvalho, Moises G. and Gon{\c{c}}alves, Marcos Andre and Laender,
	Alberto H. F. and da Silva, Altigran S.},
	title = {Learning to deduplicate},
	booktitle = {Proceedings of the 6th ACM/IEEE-CS Joint Conference on Digital Libraries},
	year = {2006},
	pages = {41--50},
	address = {New York, NY, USA},
	publisher = {ACM},
	acmid = {1141760},
	doi = {10.1145/1141753.1141760},
	isbn = {1-59593-354-9},
	keywords = {deduplication, digital libraries, genetic programming},
	location = {Chapel Hill, NC, USA},
	numpages = {10},
	url = {http://doi.acm.org/10.1145/1141753.1141760}
}

@ARTICLE{Cortes:1995:SN:218919.218929,
	author = {Vapnik, Vladimir and Cortes, Corinna},
	title = {Support-Vector Networks},
	journal = {Journal Machine Learning},
	year = {1995},
	volume = {20},
	pages = {273--297},
	number = {3},
	month = sep,
	acmid = {218929},
	address = {Hingham, MA, USA},
	doi = {10.1023/A:1022627411411},
	issn = {0885-6125},
	issue_date = {Sept. 1995},
	keywords = {efficient learning algorithms, neural networks, pattern recognition,
	polynomial classifiers, radial basis function classifiers},
	numpages = {25},
	publisher = {Kluwer Academic Publishers},
	url = {http://dx.doi.org/10.1023/A:1022627411411}
}

@ARTICLE{Cortez:2011:LML:2024018.2024032,
	author = {Cortez, Eli and Rojas Herrera, Mauro and da Silva, Altigran S. and
	de Moura, Edleno S. and Neubert, Marden},
	title = {Lightweight methods for large-scale product categorization},
	journal = {Journal of the American Society for Information Science and Technology},
	year = {2011},
	volume = {62},
	pages = {1839--1848},
	number = {9},
	month = sep,
	acmid = {2024032},
	address = {New York, NY, USA},
	doi = {10.1002/asi.21586},
	issn = {1532-2882},
	issue_date = {September 2011},
	keywords = {automatic classification, electronic commerce, inventory, predictive
	models, web content management},
	numpages = {10},
	publisher = {John Wiley \& Sons},
	url = {http://dx.doi.org/10.1002/asi.21586}
}

@book{Croft2009,
 author = {Croft, Bruce and Metzler, Donald and Strohman, Trevor},
 title = {Search Engines: Information Retrieval in Practice},
 year = {2009},
 isbn = {0136072240, 9780136072249},
 edition = {1st},
 publisher = {Addison-Wesley Publishing Company},
 address = {USA},
} 

@inproceedings{Elmacioglu2007,
 author = {Elmacioglu, Ergin and Kan, Min-Yen and Lee, Dongwon and Zhang, Yi},
 title = {Web Based Linkage},
 booktitle = {Proceedings of the 9th Annual ACM International Workshop on Web Information and Data Management},
 series = {WIDM '07},
 year = {2007},
 isbn = {978-1-59593-829-9},
 location = {Lisbon, Portugal},
 pages = {121--128},
 numpages = {8},
 url = {http://doi.acm.org/10.1145/1316902.1316922},
 doi = {10.1145/1316902.1316922},
 acmid = {1316922},
 publisher = {ACM},
 address = {New York, NY, USA},
 keywords = {entity resolution, record linkage},
} 


@article{Elmagarmid2007drd,
	author = {Ahmed K. Elmagarmid and Panagiotis G. Ipeirotis and Vassilios S. Verykios},
	title = {Duplicate Record Detection: A Survey},
	journal = {IEEE Transaction on Knowledge and Data Engineering},
	volume = {19},
	number = {1},
	year = {2007},
	issn = {1041-4347},
	pages = {1--16},
	doi = {http://dx.doi.org/10.1109/TKDE.2007.9},
	publisher = {IEEE Educational Activities Department},
	address = {Piscataway, NJ, USA},
}

@INPROCEEDINGS{Ester1996,
    author = {Martin Ester and Hans-peter Kriegel and Jörg S and Xiaowei Xu},
    title = {A density-based algorithm for discovering clusters in large spatial databases with noise},
    booktitle = {},
    year = {1996},
    pages = {226--231},
    publisher = {AAAI Press}
}

@Article{Farid2013,
  Title                    = {An adaptive ensemble classifier for mining concept drifting data streams },
  Author                   = {Dewan Md. Farid and Li Zhang and Alamgir Hossain and Chowdhury Mofizur Rahman and Rebecca Strachan and Graham Sexton and Keshav Dahal},
  Journal                  = {Expert Systems with Applications },
  Year                     = {2013},
  Number                   = {15},
  Pages                    = {5895 - 5906},
  Volume                   = {40}, 
  Doi                      = {http://dx.doi.org/10.1016/j.eswa.2013.05.001},
  ISSN                     = {0957-4174},
  Keywords                 = {Adaptive ensembles},
  Url                      = {http://www.sciencedirect.com/science/article/pii/S095741741300287X}
}

@ARTICLE{Fellegi1969,
	author = {Fellegi, I.P. and Sunter, A.B.},
	title = {A theory for record linkage},
	journal = {Journal of the American Statistical Association},
	year = {1969},
	volume = {64},
	pages = {1183–1210},
	number = {328},
	owner = {claudiane},
	timestamp = {2013.05.09}
}

@inproceedings{Ferreira2010,
	author = {Ferreira, Anderson A. and Veloso, Adriano and Gonçalves, Marcos André and Laender, Alberto H.F.},
	title = {Effective Self-training Author Name Disambiguation in Scholarly Digital Libraries},
	booktitle = {Proceedings of the 10th Annual Joint Conference on Digital Libraries},
	series = {JCDL '10},
	year = {2010},
	isbn = {978-1-4503-0085-8},
	location = {Gold Coast, Queensland, Australia},
	pages = {39--48},
	numpages = {10},
	url = {http://doi.acm.org/10.1145/1816123.1816130},
	doi = {10.1145/1816123.1816130},
	acmid = {1816130},
	publisher = {ACM},
	address = {New York, NY, USA},
	keywords = {bibliographic citations, name disambiguation},
} 

@article{Ferreira2014,
	author={Ferreira, Anderson A and Veloso, Adriano and Gon{\c{c}}alves, Marcos Andr{\'e} and Laender, Alberto HF},
	title={Self-training author name disambiguation for information scarce scenarios},	
	journal={Journal of the Association for Information Science and Technology},
	volume={65},
	number={6},
	pages={1257--1278},
	year={2014},
	publisher={Wiley Online Library}
}

@ARTICLE{French2000,
	author = {James C. French and Allison L. Powell and Eric Schulman},
	title = {Using Clustering Strategies for Creating Authority Files},
	journal = {Journal of the American Society for Information Science and Technology},
	year = {2000},
	volume = {51},
	pages = {774--786}
}

@inproceedings{freund1996experiments,
	author =       "Freund, Yoav and Schapire, Robert E.",
	title =        "Experiments with a New Boosting Algorithm",
	booktitle =    "Proceedings of the Thirteenth International Conference on Machine Learning (ICML 1996)",
	year =         "1996",
	ISBN =         "1-55860-419-7",
	editor =    "Saitta, Lorenza",
	publisher = "Morgan Kaufmann",
	pages =     "148-156",
	url = "http://www.biostat.wisc.edu/~kbroman/teaching/statgen/2004/refs/freund.pdf",
}

@article{Gama2014,
	author = {Gama, João and Zliobaite, Indre and Bifet, Albert and Pechenizkiy, Mykola and Bouchachia, Abdelhamid},
	title = {A Survey on Concept Drift Adaptation},
	journal = {ACM Computing Surveys},
	issue_date = {April 2014},
	volume = {46},
	number = {4},
	month = mar,
	year = {2014},
	issn = {0360-0300},
	pages = {44:1--44:37},
	articleno = {44},
	numpages = {37},
	url = {http://doi.acm.org/10.1145/2523813},
	doi = {10.1145/2523813},
	acmid = {2523813},
	publisher = {ACM},
	address = {New York, NY, USA},
	keywords = {Concept drift, adaptive learning, change detection, data streams},
} 

@article{Getoor2012ert,
	author={Lise Getoor and Ashwin Machanavajjhala},
	title={Entity Resolution: Theory, Practice and Open Challenges},
	journal={Proceedings of the VLDB Endowment},
	volume={5},
	number={12},
	pages={2018--2019},
	year={2012},
	note={Tutorial available at \\http://www.cs.umd.edu/$\sim$getoor/Tutorials/ER\_VLDB2012.pdf}
}

@ARTICLE{Ghani2006,
	author = {Ghani, Rayid and Probst, Katharina and Liu, Yan and Krema, Marko
	and Fano, Andrew},
	title = {Text mining for product attribute extraction},
	journal = {ACM SIGKDD Explorations Newsletter},
	year = {2006},
	volume = {8},
	pages = {41--48},
	number = {1},
	month = jun,
	acmid = {1147241},
	address = {New York, NY, USA},
	doi = {10.1145/1147234.1147241},
	issn = {1931-0145},
	issue_date = {June 2006},
	numpages = {8},
	publisher = {ACM},
	url = {http://doi.acm.org/10.1145/1147234.1147241}
}

@article{Gruenheid2014,
	author = {Gruenheid, Anja and Dong, Xin Luna and Srivastava, Divesh},
	title = {Incremental Record Linkage},
	journal = {Proc. VLDB Endow.},
	issue_date = {May 2014},
	volume = {7},
	number = {9},
	month = may,
	year = {2014},
	issn = {2150-8097},
	pages = {697--708},
	numpages = {12},
	url = {http://dx.doi.org/10.14778/2732939.2732943},
	doi = {10.14778/2732939.2732943},
	acmid = {2732943},
	publisher = {VLDB Endowment},
} 

@article{Hall2009,
 author = {Hall, Mark and Frank, Eibe and Holmes, Geoffrey and Pfahringer, Bernhard and Reutemann, Peter and Witten, Ian H.},
 title = {The WEKA Data Mining Software: An Update},
 journal = {SIGKDD Explor. Newsl.},
 issue_date = {June 2009},
 volume = {11},
 number = {1},
 month = nov,
 year = {2009},
 issn = {1931-0145},
 pages = {10--18},
 numpages = {9},
 url = {http://doi.acm.org/10.1145/1656274.1656278},
 doi = {10.1145/1656274.1656278},
 acmid = {1656278},
 publisher = {ACM},
 address = {New York, NY, USA},
} 

@ARTICLE{Hernandez:1995:MPL:568271.223807,
	author = {Hern{\'{a}}ndez, Mauricio A. and Stolfo, Salvatore J.},
	title = {The merge/purge problem for large databases},
	journal = {ACM SIGMOD Record},
	year = {1995},
	volume = {24},
	pages = {127--138},
	number = {2},
	month = may,
	acmid = {223807},
	address = {New York, NY, USA},
	doi = {10.1145/568271.223807},
	issn = {0163-5808},
	issue_date = {May 1995},
	numpages = {12},
	publisher = {ACM},
	url = {http://doi.acm.org/10.1145/568271.223807}
}

@inproceedings{Kolb2011lbe,
	author = {Lars Kolb and Hanna K\"{o}pcke and Andreas Thor and Erhard Rahm},
	title = {Learning-based entity resolution with MapReduce},
	booktitle = {Proceedings of the third international workshop on Cloud data management},
	pages = {1--6},
	isbn = {978-1-4503-0956-1},
	doi = {10.1145/2064085.2064087},
	url = {http://doi.acm.org/10.1145/2064085.2064087},
	publisher = {ACM, New York, NY, USA},
	address = {},
	month = {},
	year = {2011},
}

@ARTICLE{Kopcke:2010:EER:1920841.1920904,
	author = {K{\"{o}}pcke, Hanna and Thor, Andreas and Rahm, Erhard},
	title = {Evaluation of entity resolution approaches on real-world match problems},
	journal = {Proceedings of the VLDB Endowment},
	year = {2010},
	volume = {3},
	pages = {484--493},
	number = {1-2},
	month = sep,
	acmid = {1920904},
	issn = {2150-8097},
	issue_date = {September 2010},
	numpages = {10},
	publisher = {VLDB Endowment},
	url = {http://dl.acm.org/citation.cfm?id=1920841.1920904}
}

@article{kopcke2010frameworks,
	title={Frameworks for entity matching: A comparison},
	author={K{\"o}pcke, Hanna and Rahm, Erhard},
	journal={Data \& Knowledge Engineering},
	volume={69},
	number={2},
	pages={197--210},
	year={2010},
	publisher={Elsevier}
}

@INPROCEEDINGS{Kopcke:2012:TER:2247596.2247662,
	author = {K{\"{o}}pcke, Hanna and Thor, Andreas and Thomas, Stefan and Rahm,
	Erhard},
	title = {Tailoring entity resolution for matching product offers},
	booktitle = {Proceedings of the 15th International Conference on Extending Database
	Technology},
	year = {2012},
	pages = {545--550},
	address = {New York, NY, USA},
	publisher = {ACM},
	acmid = {2247662},
	doi = {10.1145/2247596.2247662},
	isbn = {978-1-4503-0790-1},
	location = {Berlin, Germany},
	numpages = {6},
	url = {http://doi.acm.org/10.1145/2247596.2247662}
}

@ARTICLE{jaccard,
	author = {Jaccard, Paul},
	title = {{\'{E}tude comparative de la distribution florale dans une portion
	des Alpes et des Jura}},
	journal = {Bulletin del la Soci\'{e}t\'{e} Vaudoise des Sciences Naturelles},
	year = {1901},
	volume = {37},
	pages = {547--579},
	citeulike-article-id = {4118068},
	posted-at = {2009-03-02 06:18:15},
	priority = {1}
}

@article{Jain1999,
 author = {Jain, A. K. and Murty, M. N. and Flynn, P. J.},
 title = {Data Clustering: A Review},
 journal = {ACM Comput. Surv.},
 issue_date = {Sept. 1999},
 volume = {31},
 number = {3},
 month = sep,
 year = {1999},
 issn = {0360-0300},
 pages = {264--323},
 numpages = {60},
 url = {http://doi.acm.org/10.1145/331499.331504},
 doi = {10.1145/331499.331504},
 acmid = {331504},
 publisher = {ACM},
 address = {New York, NY, USA},
 keywords = {cluster analysis, clustering applications, exploratory data analysis, incremental clustering, similarity indices, unsupervised learning},
} 

@BOOK{Jaro1978,
	title = {UNIMATCH: A Record Linkage System},
	publisher = {Bureau of the Census},
	year = {1978},
	author = {Jaro, Matthew A.},
	address = {Washington},
	citeulike-article-id = {9407109},
	keywords = {entity\_matching},
	posted-at = {2011-06-14 14:46:33},
	priority = {2}
}

@ARTICLE{Jones72,
	author = {Karen Spärck Jones},
	title = {A statistical interpretation of term specificity and its application in retrieval},
	journal = {Journal of Documentation},
	year = {1972},
	volume = {28},
	pages = {11--21}
}


@article{lapidot2002,
	title={Self-organizing-maps with BIC for speaker clustering},
	author={Lapidot, Itshak},
	year={2002},
	publisher={Citeseer}
}

@ARTICLE{Lee:2007:YCC:1323688.1323690,
	author = {Lee, Dongwon and Kang, Jaewoo and Mitra, Prasenjit and Giles, C.
	Lee and On, Byung-Won},
	title = {Are your citations clean?},
	journal = {Communications of the ACM},
	year = {2007},
	volume = {50},
	pages = {33--38},
	number = {12},
	month = dec,
	acmid = {1323690},
	address = {New York, NY, USA},
	doi = {10.1145/1323688.1323690},
	issn = {0001-0782},
	issue_date = {December 2007},
	numpages = {6},
	publisher = {ACM},
	url = {http://doi.acm.org/10.1145/1323688.1323690}
}

@ARTICLE{Levenshtein1966,
	author = {Levenshtein, Vladimir  I.},
	title = {{Binary Codes Capable of Correcting Deletions, Insertions and Reversals}},
	journal = {Soviet Physics Doklady},
	year = {1966},
	volume = {10},
	pages = {707-710},
	number = {8},
	added-at = {2008-03-15T10:37:17.000+0100},
	biburl = {http://www.bibsonomy.org/bibtex/21a29b294552edb63828d57f3495e2eb2/brightbyte},
	interhash = {55f7ad93fcb9ae3ed999afaa6e24937d},
	intrahash = {1a29b294552edb63828d57f3495e2eb2},
	keywords = {lexicography similarity},
	timestamp = {2008-03-15T10:37:17.000+0100},
	url = {http://profs.sci.univr.it/~liptak/ALBioinfo/files/levenshtein66.pdf}
}


@inproceedings{li2001cmar,
	title={CMAR: Accurate and efficient classification based on multiple class-association rules},
	author={Li, Wenmin and Han, Jiawei and Pei, Jian},
	booktitle={Data Mining, 2001. ICDM 2001, Proceedings IEEE International Conference on},
	pages={369--376},
	year={2001},
	organization={IEEE},
	url={http://ieeexplore.ieee.org/stamp/stamp.jsp?tp=&arnumber=989541}
}

@inproceedings{Macqueen1967,
	address = "Berkeley, Calif.",
	author = "MacQueen, J.",
	booktitle = "Proceedings of the Fifth Berkeley Symposium on Mathematical Statistics and Probability, Volume 1: Statistics",
	pages = "281--297",
	publisher = "University of California Press",
	title = "Some methods for classification and analysis of multivariate observations",
	url = "http://projecteuclid.org/euclid.bsmsp/1200512992",
	year = "1967"
}


@ARTICLE{masud2013, 
	author={Masud, M.M. and Qing Chen and Khan, L. and Aggarwal, C.C. and Jing Gao and Jiawei Han and Srivastava, A. and Oza, N.C.}, 
	journal={Knowledge and Data Engineering, IEEE Transactions on}, 
	title={Classification and Adaptive Novel Class Detection of Feature-Evolving Data Streams}, 
	year={2013}, 
	month={July}, 
	volume={25}, 
	number={7}, 
	pages={1484-1497}, 
	keywords={data mining;media streaming;text analysis;adaptive class detection;concept-drift;concept-evolution;data mining community;data stream classification techniques;ensemble classification framework;feature set homogenization technique;feature-evolution;historical data;infinite length;text streams;Data engineering;Data models;Feature extraction;Heuristic algorithms;Knowledge engineering;Training;Vocabulary;Data stream;concept-evolution;novel class;outlier}, 
	doi={10.1109/TKDE.2012.109}, 
	ISSN={1041-4347},
}

@book{Mitchell:1997:ML:541177,
	author = {Mitchell, Thomas M.},
	title = {Machine Learning},
	year = {1997},
	isbn = {0070428077, 9780070428072},
	edition = {1},
	publisher = {McGraw-Hill, Inc.},
	address = {New York, NY, USA},
} 

@INPROCEEDINGS{Monge1996,
	author = {Alvaro Monge and Charles Elkan},
	title = {The field matching problem: Algorithms and applications},
	booktitle = {Proceedings of the Second International Conference on Knowledge Discovery and Data Mining (KDD-96)},
	year = {1996},
	pages = {267--270},
	address = {Portland, Oregon},
	url={http://www.aaai.org/Papers/KDD/1996/KDD96-044.pdf}
}

@article{Murthy:1998:ACD:593421.593472,
	author = {Murthy, Sreerama K.},
	title = {Automatic Construction of Decision Trees from Data: A Multi-Disciplinary Survey},
	journal = {Data Mining knowledge Discovery},
	issue_date = {December 1998},
	volume = {2},
	number = {4},
	month = dec,
	year = {1998},
	issn = {1384-5810},
	pages = {345--389},
	numpages = {45},
	url = {http://dx.doi.org/10.1023/A:1009744630224},
	doi = {10.1023/A:1009744630224},
	acmid = {593472},
	publisher = {Kluwer Academic Publishers},
	address = {Hingham, MA, USA},
	keywords = {classification, data compaction, tree-structured classifiers},
} 

@article{NewCombe1959,
	author = {H. B. NewCombe and J. M. Kennedy and S. J. Axford and A. P. James},
	title = {Automatic Linkage of Vital Records},
	journal = {Science},
	volume = {130},
	number = {3381},
	pages = {954--959},
	issn = {0036-8075},
	month = {October},
	year = {1959}
}

@ARTICLE{Nguyen2011,
	author = {Nguyen, Hoa and Fuxman, Ariel and Paparizos, Stelios and Freire,
	Juliana and Agrawal, Rakesh},
	title = {Synthesizing products for online catalogs},
	journal = {Proceedings of the VLDB Endowment},
	year = {2011},
	volume = {4},
	pages = {409--418},
	number = {7},
	month = apr,
	acmid = {1988777},
	issn = {2150-8097},
	issue_date = {April 2011},
	numpages = {10},
	publisher = {VLDB Endowment},
	url = {http://dl.acm.org/citation.cfm?id=1988776.1988777}
}

@MastersThesis{oliveira2014metodo,
	author     =     {Oliveira, Claudiane Maria},
	title     =     {Um m{\'e}todo baseado em regras de associa{\c{c}}{\~a}o para classifica{\c{c}}{\~a}o de ofertas de produtos de lojas de com{\'e}rcio eletr{\^o}nico},
	school     =     {Universidade Federal de Lavras},
	address     =     {Minas Gerais - Brasil},
	year     =     {2014},
}

@phdthesis{paivadeteccao,
	title={Detec{\c{c}}{\~a}o de novidade em fluxos cont{\'\i}nuos de dados multiclasse},
	author={Paiva, Elaine Ribeiro de Faria},
	school={Universidade de S{\~a}o Paulo},
	year={2014}
}

@INPROCEEDINGS{Pasula03identityuncertainty,
	author = {Hanna Pasula and Bhaskara Marthi and Brian Milch and Stuart Russell
	and Ilya Shpitser},
	title = {Identity Uncertainty and Citation Matching},
	booktitle = {Proceedings of the advances in Neural Information Processing Systems},
	year = {2003},
	pages = {1401--1408},
	address = {Vancouver, Canada},
	publisher = {MIT Press}
}

@PHDTHESIS{Pereira2009,
	author = {Pereira, D. A.},
	title = {A web-based approach for entity resolution and creation of authority
	files},
	school = {Department of Computer Science, Federal University of Minas Gerais,
	Brazil},
	year = {2009},
	owner = {claudiane},
	timestamp = {2013.05.24}
}

@article{Pereira2011,
	author={Pereira, Denilson Alves and Ribeiro-Neto, Berthier and Ziviani, Nivio
	and Laender, Alberto H. F. and Gon{\c{c}}alves, Marcos Andr\&\#x00e9;},
	title={A Generic Web-based Entity Resolution Framework},
	journal={Journal of the American Society for Information Science and Technology},
	volume={62},
	number={5},
	pages={919-932},
	issn={1532-2890},
	doi={10.1002/asi.21518},
	month={May},
	year={2011}
}

@INPROCEEDINGS{Pereira2014,
	author={Denilson Alves Pereira and Eduardo Emanuel Braga da Silva and Ahmed A. A. Esmin},
	title={Disambiguating Publication Venue Titles using Association Rules},
	booktitle={ACM/IEEE Joint Conference on Digital Libraries (JCDL 2014)},
	pages={},
	month={Setember},
	year={2014},
	publisher  = {ACM/IEEE},
	address={London, UK},
	doi={}  
}

@inproceedings{Petrovski2014,
	author = {Petrovski, Petar and Bryl, Volha and Bizer, Christian},
	title = {Integrating Product Data from Websites Offering Microdata Markup},
	booktitle = {Proceedings of the Companion Publication of the 23rd International Conference on World Wide Web Companion},
	series = {WWW Companion '14},
	year = {2014},
	isbn = {978-1-4503-2745-9},
	location = {Seoul, Korea},
	pages = {1299--1304},
	numpages = {6},
	url = {http://dx.doi.org/10.1145/2567948.2579704},
	doi = {10.1145/2567948.2579704},
	acmid = {2579704},
	publisher = {International World Wide Web Conferences Steering Committee},
	address = {Republic and Canton of Geneva, Switzerland},
	keywords = {data integration, identity resolution, information extraction, microdata},
}

@ARTICLE{polikar2006, 
	author={Polikar, R.}, 
	journal={Circuits and Systems Magazine, IEEE}, 
	title={Ensemble based systems in decision making}, 
	year={2006}, 
	month={Third}, 
	volume={6}, 
	number={3}, 
	pages={21-45}, 
	keywords={decision making;decision support systems;error correction codes;expert systems;learning (artificial intelligence);learning systems;pattern classification;reviews;sensor fusion;AdaBoost;automated decision making;bagging;behavior knowledge space;boosting;confidence estimation;data fusion;decision templates;ensemble based systems;error correcting output codes;feature selection;incremental learning;multiple classifier systems;single-expert systems;stacked generalization;voting based techniques;Bagging;Boosting;Computational intelligence;Decision making;Error correction codes;Estimation error;Game theory;TV;Telephony;Voting}, 
	doi={10.1109/MCAS.2006.1688199}, 
	ISSN={1531-636X},
}

@article{rokach2010,
	year={2010},
	issn={0269-2821},
	journal={Artificial Intelligence Review},
	volume={33},
	number={1-2},
	doi={10.1007/s10462-009-9124-7},
	title={Ensemble-based classifiers},
	url={http://dx.doi.org/10.1007/s10462-009-9124-7},
	publisher={Springer Netherlands},
	keywords={Ensemble of classifiers; Supervised learning; Classification; Boosting},
	author={Rokach, Lior},
	pages={1-39},
	language={English}
}

@article{Salton1975,
	author = {Salton, G. and Wong, A. and Yang, C. S.},
	title = {A Vector Space Model for Automatic Indexing},
	journal = {Communications of the ACM},
	issue_date = {Nov. 1975},
	volume = {18},
	number = {11},
	month = nov,
	year = {1975},
	issn = {0001-0782},
	pages = {613--620},
	numpages = {8},
	url = {http://doi.acm.org/10.1145/361219.361220},
	doi = {10.1145/361219.361220},
	acmid = {361220},
	publisher = {ACM},
	address = {New York, NY, USA},
	keywords = {automatic indexing, automatic information retrieval, content analysis, document space},
} 

@article{spinosa2009,
	author = {Spinosa, Eduardo J. and de Leon F. de Carvalho, Andr{\'e} Ponce and Gama, Jo\~{a}o},
	title = {Novelty Detection with Application to Data Streams},
	journal = {Intelligent Data Analysis},
	issue_date = {August 2009},
	volume = {13},
	number = {3},
	month = aug,
	year = {2009},
	issn = {1088-467X},
	pages = {405--422},
	numpages = {18},
	url = {http://dl.acm.org/citation.cfm?id=1551768.1551770},
	acmid = {1551770},
	publisher = {IOS Press},
	address = {Amsterdam, The Netherlands, The Netherlands},
	keywords = {Novelty detection, clustering, k-means, unsupervised learning},
} 

@BOOK{tan2009,
	title = {Introduction to Data Mining - Mineração de Dados},
	publisher = {Editora Ciência Moderna Ltda},
	year = {2009},
	author = {Tan, Pang-Ning and Steinbach, Michael and Kumar, Vipin},
	address = {Rio de Janeiro, RJ, Brasil},
	isbn = {9788573937619}
}

@article{thabtah2007review,
	title={A review of associative classification mining},
	author={Thabtah, Fadi},
	journal={The Knowledge Engineering Review},
	volume={22},
	number={01},
	pages={37--65},
	year={2007},
	publisher={Cambridge Univ Press}
}

@book{Wainer2007,
	author = {Wainer, Jacques},
	chapter = {M\'{e}todos de pesquisa quantitativa e qualitativa para a ci\^{e}ncia computa\c{c}\~{a}o},
	citeulike-article-id = {3936238},
	citeulike-linkout-0 = {https://www.sbc.org.br/bibliotecadigital/?module=Public\&\#38;action=PublicationObject\&\#38;subject=230\&\#38;publicationobjectid=70},
	editor = {Kowaltowski, Tomasz and Breitman, Karin},
	keywords = {qualitative-methods, quantitative-methods, research-methods},
	pages = {221--262},
	posted-at = {2009-01-24 18:41:08},
	priority = {2},
	publisher = {Sociedade Brasileira de Computa\c{c}\~{a}o e Editora PUC-Rio},
	title = {{Atualiza\c{c}\~{a}o em inform\'{a}tica 2007}},
	url = {https://www.sbc.org.br/bibliotecadigital/?module=Public\&action=PublicationObject\&subject=230\&publicationobjectid=70},
	year = {2007}
}

@article{Whang2014,
	author = {Whang, Steven Euijong and Garcia-Molina, Hector},
	title = {Incremental Entity Resolution on Rules and Data},
	journal = {The VLDB Journal},
	issue_date = {February  2014},
	volume = {23},
	number = {1},
	month = feb,
	year = {2014},
	issn = {1066-8888},
	pages = {77--102},
	numpages = {26},
	url = {http://dx.doi.org/10.1007/s00778-013-0315-0},
	doi = {10.1007/s00778-013-0315-0},
	acmid = {2581631},
	publisher = {Springer-Verlag New York, Inc.},
	address = {Secaucus, NJ, USA},
	keywords = {Data cleaning, Data evolution, Entity resolution, Rule evolution},
} 

@article{wang2011approach,
	title={An approach for adaptive associative classification},
	author={Wang, Xiaofeng and Yue, Kun and Niu, WenJia and Shi, Zhongzhi},
	journal={Expert Systems with Applications},
	volume={38},
	number={9},
	pages={11873--11883},
	year={2011},
	publisher={Elsevier}
}


@article{wedyan2014review,
	title={Review and Comparison of Associative Classification Data Mining Approaches},
	author={Wedyan, Suzan},
	journal={International Journal of Computer, Information, Systems and Control Engineering},
	volume={8},
	number={1},
	pages={34--45},
	year={2014}
}

@inproceedings{Welch2012,
	author = {Welch, Michael J. and Sane, Aamod and Drome, Chris},
	title = {Fast and Accurate Incremental Entity Resolution Relative to an Entity Knowledge Base},
	booktitle = {Proceedings of the 21st ACM International Conference on Information and Knowledge Management},
	series = {CIKM '12},
	year = {2012},
	isbn = {978-1-4503-1156-4},
	location = {Maui, Hawaii, USA},
	pages = {2667--2670},
	numpages = {4},
	url = {http://doi.acm.org/10.1145/2396761.2398719},
	doi = {10.1145/2396761.2398719},
	acmid = {2398719},
	publisher = {ACM},
	address = {New York, NY, USA},
	keywords = {deduplication, entity resolution, knowledge base},
} 

@TECHREPORT{Winkler1999,
	author = {William E. Winkler},
	title = {The State of Record Linkage and Current Research Problems},
	year = {1999},
	address = {Statistical Research Division, U.S. Census Bureau}
}

@article{wolpert1992stacked,
	title={Stacked generalization},
	author={Wolpert, David H},
	journal={Neural networks},
	volume={5},
	number={2},
	pages={241--259},
	year={1992},
	publisher={Elsevier}
}


@inproceedings{yin2003cpar,
	title={CPAR: Classification based on Predictive Association Rules.},
	author={Yin, Xiaoxin and Han, Jiawei},
	booktitle={SDM},
	volume={3},
	pages={369--376},
	year={2003},
	organization={SIAM}
}


@inproceedings{Zhang2012,
	author = {Zhang, Yongzheng and Mukherjee, Rajyashree and Soetarman, Benny},
	title = {Concept Extraction for Online Shopping},
	booktitle = {Proceedings of the 14th Annual International Conference on Electronic Commerce},
	series = {ICEC '12},
	year = {2012},
	isbn = {978-1-4503-1197-7},
	location = {Singapore, Singapore},
	pages = {48--53},
	numpages = {6},
	url = {http://doi.acm.org/10.1145/2346536.2346545},
	doi = {10.1145/2346536.2346545},
	acmid = {2346545},
	publisher = {ACM},
	address = {New York, NY, USA},
	keywords = {automatic keyphrase extraction, concept extraction, online shopping},
} 


@unpublished{Vaishnavi2004,
    author = {Vaishnavi, V. and Kuechler, W.},
    citeulike-article-id = {6505471},
    day = {20},
    keywords = {design-research, information-systems, meso, methodology},
    month = jan,
    posted-at = {2010-01-08 17:08:50},
    priority = {2},
    title = {{Design Research in Information Systems}},
    year = {2004}
}

@book{Prodanov2013,
  title={Metodologia do Trabalho Cient{\'\i}fico: M{\'e}todos e T{\'e}cnicas da Pesquisa e do Trabalho Acad{\^e}mico-2{\textordfeminine} Edi{\c{c}}{\~a}o},
  author={Prodanov, Cleber Cristiano and de Freitas, Ernani Cesar},
  year={2013},
  publisher={Editora Feevale}
}

@book{Jung2004,
  title={Metodologia para pesquisa e desenvolvimento: aplicada a novas tecnologias, produtos e processos},
  author={Jung, Carlos Fernando},
  year={2004},
  publisher={Axcel Books}
}