@ARTICLE{Agrawal:1993:MAR:170036.170072,
	author = {Agrawal, Rakesh and Imielinski, Tomasz and Swami, Arun},
	title = {Mining association rules between sets of items in large databases},
	journal = {ACM SIGMOD Record},
	year = {1993},
	volume = {22},
	pages = {207--216},
	number = {2},
	month = jun,
	acmid = {170072},
	address = {New York, NY, USA},
	doi = {10.1145/170036.170072},
	issn = {0163-5808},
	issue_date = {June 1, 1993},
	numpages = {10},
	publisher = {ACM},
	url = {http://doi.acm.org/10.1145/170036.170072}
}

@MISC{Bennett06date,
    author = {Rick Bennett and Christina Hengel-dittrich and Die Deutsche Bibliothek and Edward T. O’neill and Barbara B. Tillett},
    title = {Date: 31/08/2006 VIAF (Virtual International Authority File): Linking Die Deutsche Bibliothek and Library of Congress Name Authority Files},
    year = {2006}
}

@inproceedings{aggarwal2004,
	author = {Aggarwal, Charu C. and Han, Jiawei and Wang, Jianyong and Yu, Philip S.},
	title = {On Demand Classification of Data Streams},
	booktitle = {Proceedings of the Tenth ACM SIGKDD International Conference on Knowledge Discovery and Data Mining},
	series = {KDD '04},
	year = {2004},
	isbn = {1-58113-888-1},
	location = {Seattle, WA, USA},
	pages = {503--508},
	numpages = {6},
	url = {http://doi.acm.org/10.1145/1014052.1014110},
	doi = {10.1145/1014052.1014110},
	acmid = {1014110},
	publisher = {ACM},
	address = {New York, NY, USA},
	keywords = {classification, data streams},
} 

@inproceedings{AlbertiniMelo2007,
	author = {Albertini, Marcelo Keese and de Mello, Rodrigo Fernandes},
	title = {A Self-organizing Neural Network for Detecting Novelties},
	booktitle = {Proceedings of the 2007 ACM Symposium on Applied Computing},
	series = {SAC '07},
	year = {2007},
	isbn = {1-59593-480-4},
	location = {Seoul, Korea},
	pages = {462--466},
	numpages = {5},
	url = {http://doi.acm.org/10.1145/1244002.1244110},
	doi = {10.1145/1244002.1244110},
	acmid = {1244110},
	publisher = {ACM},
	address = {New York, NY, USA},
	keywords = {novelty detection, self-organizing neural networks},
}

@inproceedings{2017_sbcars,
 author = {Pinto, Arthur F. and Terra, Ricardo},
 title = {Better Similarity Coefficients to Identify Refactoring Opportunities},
 booktitle = {11th Brazilian Symposium on Software Components, Architectures, and Reuse (SBCARS)},
 year = {2017},
 pages = {1-10},
} 

@inproceedings{antonie2002text,
	address = {Washington, DC, USA},
	author = {Antonie, Maria L. and Za{\"i}ane, Osmar R.},
	booktitle = {ICDM: Proceedings of the 2002 IEEE International Conference on Data Mining},
	isbn = {0-7695-1754-4},
	pages = {19+},
	posted-at = {2010-05-19 19:16:09},
	priority = {2},
	publisher = {IEEE Computer Society},
	title = {Text Document Categorization by Term Association},
	url = {http://portal.acm.org/citation.cfm?id=844745},
	year = {2002}
}


@book{BaezaYates2011mir,
	author = {Ricardo A. Baeza{-}Yates and Berthier A. Ribeiro{-}Neto},
	title = {Modern Information Retrieval - the concepts and technology behind search, Second edition}, publisher = {Pearson Education Ltd., Harlow, England}, 
	year = {2011}, 
	 url = {http://www.mir2ed.org/},
	isbn = {978-0-321-41691-9},
    timestamp = {Tue, 31 May 2011 21:07:36 +0200},
}

@book{tukey,
	author = {Winston Haynes},
	title = {Tukey’s Test},
	year = {2013},
	isbn = {978-1-4419-9862-0},
    pages = {2303-2304},
    publisher = {Springer New York},
    address = {USA},
}

@book{wilk_shap,
	author = {John Verzani},
	title = {Using R for Introductory Statistics},
	year = {2014},
	isbn = {978-1466590731},
    pages = {315-358},
    publisher = {Chapman and Hall/CRC},
    address = {USA},
}

@ARTICLE{Benjelloun:2009:SGA:1541533.1541538,
	author = {Benjelloun, Omar and Garcia-Molina, Hector and Menestrina, David
	and Su, Qi and Whang, Steven Euijong and Widom, Jennifer},
	title = {Swoosh: a generic approach to entity resolution},
	journal = {The VLDB Journal},
	year = {2009},
	volume = {18},
	pages = {255--276},
	number = {1},
	month = jan,
	acmid = {1541538},
	address = {Secaucus, NJ, USA},
	doi = {10.1007/s00778-008-0098-x},
	issn = {1066-8888},
	issue_date = {January 2009},
	keywords = {Data cleaning, Entity resolution, Generic entity resolution},
	numpages = {22},
	publisher = {Springer-Verlag New York},
	url = {http://dx.doi.org/10.1007/s00778-008-0098-x}
}

@BOOK{Berry1997,
	title = {Data Mining Techniques: for Marketing, Sales and Customer Support},
	publisher = {Wiley Computer Publishing},
	year = {1997},
	author = {Berry, Michael. J. A. and Linoff ,Gordon},
	address = {New York, NY, USA},
	owner = {claudiane},
	timestamp = {2013.05.09}
}

@ARTICLE{Bhattacharya2007,
	author = {Bhattacharya, Indrajit and Getoor, Lise},
	title = {Collective entity resolution in relational data},
	journal = {ACM Transactions on Knowledge Discovery from Data (TKDD)},
	year = {2007},
	volume = {1},
	number = {1},
	month = mar,
	acmid = {1217304},
	address = {New York, NY, USA},
	articleno = {5},
	doi = {10.1145/1217299.1217304},
	issn = {1556-4681},
	issue_date = {March 2007},
	keywords = {Entity resolution, data cleaning, graph clustering, record linkage},
	publisher = {ACM},
	url = {http://doi.acm.org/10.1145/1217299.1217304}
}

@INPROCEEDINGS{Bilenko2003a,
	author = {Bilenko, Mikhail and Mooney, Raymond J.},
	title = {Adaptive duplicate detection using learnable string similarity measures},
	booktitle = {Proceedings of the 9th ACM SIGKDD International Conference on Knowledge
	Discovery and Data Mining},
	year = {2003},
	pages = {39--48},
	address = {New York, NY, USA},
	publisher = {ACM},
	acmid = {956759},
	doi = {10.1145/956750.956759},
	isbn = {1-58113-737-0},
	keywords = {SVM applications, data cleaning, distance metric learning, record
	linkage, string edit distance, trained similarity measures},
	location = {Washington, D.C.},
	numpages = {10},
	url = {http://doi.acm.org/10.1145/956750.956759}
}

@INPROCEEDINGS{Bilenko2005,
	author = {Bilenko, M. and Basil, S. and Sahami, M.},
	title = {Adaptive product normalization: using online learning for record
	linkage in comparison shopping},
	booktitle = {Proceedings of the Fifth IEEE International Conference on Data Mining},
	year = {2005},
	pages = {58--65},
	address = {Washington, DC, USA},
	publisher = {IEEE Computer Society},
	doi = {10.1109/ICDM.2005.18},
	issn = {1550-4786},
	keywords = {Internet;home shopping;learning (artificial intelligence);Internet
	comparison shopping;adaptive product normalization;online learning;online
	machine learning;record linkage;similarity function;Application software;Cleaning;Couplings;Data
	mining;Databases;Displays;Internet;Learning systems;Natural language
	processing;Search engines}
}


@article{bouzouita2011generic,
	title={Generic Associative Classification Rules: A Comparative Study},
	author={Bouzouita, I and Elloumi, S},
	journal={International Journal of Advanced Science and Technology,(33)},
	pages={69--84},
	year={2011}
}

@article{ breiman1996,
	year={1996},
	issn={0885-6125},
	journal={Machine Learning},
	volume={24},
	number={2},
	doi={10.1023/A:1018054314350},
	title={Bagging Predictors},
	url={http://dx.doi.org/10.1023/A%3A1018054314350},
	publisher={Kluwer Academic Publishers-Plenum Publishers},
	keywords={Aggregation; Bootstrap; Averaging; Combining},
	author={Breiman, Leo},
	pages={123-140},
	language={English}
}


@INPROCEEDINGS{Carvalho:2006:LD:1141753.1141760,
	author = {de Carvalho, Moisés G. and Gon{\c{c}}alves, Marcos André and Laender,
	Alberto H. F. and da Silva, Altigran S.},
	title = {Learning to deduplicate},
	booktitle = {Proceedings of the 6th ACM/IEEE-CS Joint Conference on Digital Libraries},
	year = {2006},
	pages = {41--50},
	address = {New York, NY, USA},
	publisher = {ACM},
	acmid = {1141760},
	doi = {10.1145/1141753.1141760},
	isbn = {1-59593-354-9},
	keywords = {deduplication, digital libraries, genetic programming},
	location = {Chapel Hill, NC, USA},
	numpages = {10},
	url = {http://doi.acm.org/10.1145/1141753.1141760}
}

@inproceedings{Carvalho2008GN,
	author = {Carvalho, Moisés G. and Laender, Albero H. F. and Gonçalves, Marcos André and da Silva, Altigran S.},
	title = {Replica Identification Using Genetic Programming},
	booktitle = {Proceedings of the 2008 ACM Symposium on Applied Computing},
	series = {SAC '08},
	year = {2008},
	isbn = {978-1-59593-753-7},
	location = {Fortaleza, Ceara, Brazil},
	pages = {1801--1806},
	numpages = {6},
	url = {http://doi.acm.org/10.1145/1363686.1364118},
	doi = {10.1145/1363686.1364118},
	acmid = {1364118},
	publisher = {ACM},
	address = {New York, NY, USA},
	keywords = {genetic programming, replica identification},
} 

@INPROCEEDINGS{Carvalho:2006:LD:1141753.1141760,
	author = {de Carvalho, Moises G. and Gon{\c{c}}alves, Marcos Andre and Laender,
	Alberto H. F. and da Silva, Altigran S.},
	title = {Learning to deduplicate},
	booktitle = {Proceedings of the 6th ACM/IEEE-CS Joint Conference on Digital Libraries},
	year = {2006},
	pages = {41--50},
	address = {New York, NY, USA},
	publisher = {ACM},
	acmid = {1141760},
	doi = {10.1145/1141753.1141760},
	isbn = {1-59593-354-9},
	keywords = {deduplication, digital libraries, genetic programming},
	location = {Chapel Hill, NC, USA},
	numpages = {10},
	url = {http://doi.acm.org/10.1145/1141753.1141760}
}

@ARTICLE{Cortes:1995:SN:218919.218929,
	author = {Vapnik, Vladimir and Cortes, Corinna},
	title = {Support-Vector Networks},
	journal = {Journal Machine Learning},
	year = {1995},
	volume = {20},
	pages = {273--297},
	number = {3},
	month = sep,
	acmid = {218929},
	address = {Hingham, MA, USA},
	doi = {10.1023/A:1022627411411},
	issn = {0885-6125},
	issue_date = {Sept. 1995},
	keywords = {efficient learning algorithms, neural networks, pattern recognition,
	polynomial classifiers, radial basis function classifiers},
	numpages = {25},
	publisher = {Kluwer Academic Publishers},
	url = {http://dx.doi.org/10.1023/A:1022627411411}
}

@ARTICLE{Cortez:2011:LML:2024018.2024032,
	author = {Cortez, Eli and Rojas Herrera, Mauro and da Silva, Altigran S. and
	de Moura, Edleno S. and Neubert, Marden},
	title = {Lightweight methods for large-scale product categorization},
	journal = {Journal of the American Society for Information Science and Technology},
	year = {2011},
	volume = {62},
	pages = {1839--1848},
	number = {9},
	month = sep,
	acmid = {2024032},
	address = {New York, NY, USA},
	doi = {10.1002/asi.21586},
	issn = {1532-2882},
	issue_date = {September 2011},
	keywords = {automatic classification, electronic commerce, inventory, predictive
	models, web content management},
	numpages = {10},
	publisher = {John Wiley \& Sons},
	url = {http://dx.doi.org/10.1002/asi.21586}
}

@book{Croft2009,
 author = {Croft, Bruce and Metzler, Donald and Strohman, Trevor},
 title = {Search Engines: Information Retrieval in Practice},
 year = {2009},
 isbn = {0136072240, 9780136072249},
 edition = {1st},
 publisher = {Addison-Wesley Publishing Company},
 address = {USA},
} 

@inproceedings{Elmacioglu2007,
 author = {Elmacioglu, Ergin and Kan, Min-Yen and Lee, Dongwon and Zhang, Yi},
 title = {Web Based Linkage},
 booktitle = {Proceedings of the 9th Annual ACM International Workshop on Web Information and Data Management},
 series = {WIDM '07},
 year = {2007},
 isbn = {978-1-59593-829-9},
 location = {Lisbon, Portugal},
 pages = {121--128},
 numpages = {8},
 url = {http://doi.acm.org/10.1145/1316902.1316922},
 doi = {10.1145/1316902.1316922},
 acmid = {1316922},
 publisher = {ACM},
 address = {New York, NY, USA},
 keywords = {entity resolution, record linkage},
} 


@article{Elmagarmid2007drd,
	author = {Ahmed K. Elmagarmid and Panagiotis G. Ipeirotis and Vassilios S. Verykios},
	title = {Duplicate Record Detection: A Survey},
	journal = {IEEE Transaction on Knowledge and Data Engineering},
	volume = {19},
	number = {1},
	year = {2007},
	issn = {1041-4347},
	pages = {1--16},
	doi = {http://dx.doi.org/10.1109/TKDE.2007.9},
	publisher = {IEEE Educational Activities Department},
	address = {Piscataway, NJ, USA},
}

@INPROCEEDINGS{Ester1996,
    author = {Martin Ester and Hans-peter Kriegel and Jörg S and Xiaowei Xu},
    title = {A density-based algorithm for discovering clusters in large spatial databases with noise},
    booktitle = {},
    year = {1996},
    pages = {226--231},
    publisher = {AAAI Press}
}

@Article{Farid2013,
  Title                    = {An adaptive ensemble classifier for mining concept drifting data streams },
  Author                   = {Dewan Md. Farid and Li Zhang and Alamgir Hossain and Chowdhury Mofizur Rahman and Rebecca Strachan and Graham Sexton and Keshav Dahal},
  Journal                  = {Expert Systems with Applications },
  Year                     = {2013},
  Number                   = {15},
  Pages                    = {5895 - 5906},
  Volume                   = {40}, 
  Doi                      = {http://dx.doi.org/10.1016/j.eswa.2013.05.001},
  ISSN                     = {0957-4174},
  Keywords                 = {Adaptive ensembles},
  Url                      = {http://www.sciencedirect.com/science/article/pii/S095741741300287X}
}

@ARTICLE{Fellegi1969,
	author = {Fellegi, I.P. and Sunter, A.B.},
	title = {A theory for record linkage},
	journal = {Journal of the American Statistical Association},
	year = {1969},
	volume = {64},
	pages = {1183–1210},
	number = {328},
	owner = {claudiane},
	timestamp = {2013.05.09}
}

@inproceedings{Ferreira2010,
	author = {Ferreira, Anderson A. and Veloso, Adriano and Gonçalves, Marcos André and Laender, Alberto H.F.},
	title = {Effective Self-training Author Name Disambiguation in Scholarly Digital Libraries},
	booktitle = {Proceedings of the 10th Annual Joint Conference on Digital Libraries},
	series = {JCDL '10},
	year = {2010},
	isbn = {978-1-4503-0085-8},
	location = {Gold Coast, Queensland, Australia},
	pages = {39--48},
	numpages = {10},
	url = {http://doi.acm.org/10.1145/1816123.1816130},
	doi = {10.1145/1816123.1816130},
	acmid = {1816130},
	publisher = {ACM},
	address = {New York, NY, USA},
	keywords = {bibliographic citations, name disambiguation},
} 

@article{Ferreira2014,
	author={Ferreira, Anderson A and Veloso, Adriano and Gon{\c{c}}alves, Marcos Andr{\'e} and Laender, Alberto HF},
	title={Self-training author name disambiguation for information scarce scenarios},	
	journal={Journal of the Association for Information Science and Technology},
	volume={65},
	number={6},
	pages={1257--1278},
	year={2014},
	publisher={Wiley Online Library}
}

@ARTICLE{French2000,
	author = {James C. French and Allison L. Powell and Eric Schulman},
	title = {Using Clustering Strategies for Creating Authority Files},
	journal = {Journal of the American Society for Information Science and Technology},
	year = {2000},
	volume = {51},
	pages = {774--786}
}

@inproceedings{freund1996experiments,
	author =       "Freund, Yoav and Schapire, Robert E.",
	title =        "Experiments with a New Boosting Algorithm",
	booktitle =    "Proceedings of the Thirteenth International Conference on Machine Learning (ICML 1996)",
	year =         "1996",
	ISBN =         "1-55860-419-7",
	editor =    "Saitta, Lorenza",
	publisher = "Morgan Kaufmann",
	pages =     "148-156",
	url = "http://www.biostat.wisc.edu/~kbroman/teaching/statgen/2004/refs/freund.pdf",
}

@article{Gama2014,
	author = {Gama, João and Zliobaite, Indre and Bifet, Albert and Pechenizkiy, Mykola and Bouchachia, Abdelhamid},
	title = {A Survey on Concept Drift Adaptation},
	journal = {ACM Computing Surveys},
	issue_date = {April 2014},
	volume = {46},
	number = {4},
	month = mar,
	year = {2014},
	issn = {0360-0300},
	pages = {44:1--44:37},
	articleno = {44},
	numpages = {37},
	url = {http://doi.acm.org/10.1145/2523813},
	doi = {10.1145/2523813},
	acmid = {2523813},
	publisher = {ACM},
	address = {New York, NY, USA},
	keywords = {Concept drift, adaptive learning, change detection, data streams},
} 

@article{Getoor2012ert,
	author={Lise Getoor and Ashwin Machanavajjhala},
	title={Entity Resolution: Theory, Practice and Open Challenges},
	journal={Proceedings of the VLDB Endowment},
	volume={5},
	number={12},
	pages={2018--2019},
	year={2012},
	note={Tutorial available at \\http://www.cs.umd.edu/$\sim$getoor/Tutorials/ER\_VLDB2012.pdf}
}

@ARTICLE{Ghani2006,
	author = {Ghani, Rayid and Probst, Katharina and Liu, Yan and Krema, Marko
	and Fano, Andrew},
	title = {Text mining for product attribute extraction},
	journal = {ACM SIGKDD Explorations Newsletter},
	year = {2006},
	volume = {8},
	pages = {41--48},
	number = {1},
	month = jun,
	acmid = {1147241},
	address = {New York, NY, USA},
	doi = {10.1145/1147234.1147241},
	issn = {1931-0145},
	issue_date = {June 2006},
	numpages = {8},
	publisher = {ACM},
	url = {http://doi.acm.org/10.1145/1147234.1147241}
}

@article{Gruenheid2014,
	author = {Gruenheid, Anja and Dong, Xin Luna and Srivastava, Divesh},
	title = {Incremental Record Linkage},
	journal = {Proc. VLDB Endow.},
	issue_date = {May 2014},
	volume = {7},
	number = {9},
	month = may,
	year = {2014},
	issn = {2150-8097},
	pages = {697--708},
	numpages = {12},
	url = {http://dx.doi.org/10.14778/2732939.2732943},
	doi = {10.14778/2732939.2732943},
	acmid = {2732943},
	publisher = {VLDB Endowment},
} 

@article{Hall2009,
 author = {Hall, Mark and Frank, Eibe and Holmes, Geoffrey and Pfahringer, Bernhard and Reutemann, Peter and Witten, Ian H.},
 title = {The WEKA Data Mining Software: An Update},
 journal = {SIGKDD Explor. Newsl.},
 issue_date = {June 2009},
 volume = {11},
 number = {1},
 month = nov,
 year = {2009},
 issn = {1931-0145},
 pages = {10--18},
 numpages = {9},
 url = {http://doi.acm.org/10.1145/1656274.1656278},
 doi = {10.1145/1656274.1656278},
 acmid = {1656278},
 publisher = {ACM},
 address = {New York, NY, USA},
} 

@ARTICLE{Hernandez:1995:MPL:568271.223807,
	author = {Hern{\'{a}}ndez, Mauricio A. and Stolfo, Salvatore J.},
	title = {The merge/purge problem for large databases},
	journal = {ACM SIGMOD Record},
	year = {1995},
	volume = {24},
	pages = {127--138},
	number = {2},
	month = may,
	acmid = {223807},
	address = {New York, NY, USA},
	doi = {10.1145/568271.223807},
	issn = {0163-5808},
	issue_date = {May 1995},
	numpages = {12},
	publisher = {ACM},
	url = {http://doi.acm.org/10.1145/568271.223807}
}

@inproceedings{Kolb2011lbe,
	author = {Lars Kolb and Hanna K\"{o}pcke and Andreas Thor and Erhard Rahm},
	title = {Learning-based entity resolution with MapReduce},
	booktitle = {Proceedings of the third international workshop on Cloud data management},
	pages = {1--6},
	isbn = {978-1-4503-0956-1},
	doi = {10.1145/2064085.2064087},
	url = {http://doi.acm.org/10.1145/2064085.2064087},
	publisher = {ACM, New York, NY, USA},
	address = {},
	month = {},
	year = {2011},
}

@ARTICLE{Kopcke:2010:EER:1920841.1920904,
	author = {K{\"{o}}pcke, Hanna and Thor, Andreas and Rahm, Erhard},
	title = {Evaluation of entity resolution approaches on real-world match problems},
	journal = {Proceedings of the VLDB Endowment},
	year = {2010},
	volume = {3},
	pages = {484--493},
	number = {1-2},
	month = sep,
	acmid = {1920904},
	issn = {2150-8097},
	issue_date = {September 2010},
	numpages = {10},
	publisher = {VLDB Endowment},
	url = {http://dl.acm.org/citation.cfm?id=1920841.1920904}
}

@article{kopcke2010frameworks,
	title={Frameworks for entity matching: A comparison},
	author={K{\"o}pcke, Hanna and Rahm, Erhard},
	journal={Data \& Knowledge Engineering},
	volume={69},
	number={2},
	pages={197--210},
	year={2010},
	publisher={Elsevier}
}

@INPROCEEDINGS{Kopcke:2012:TER:2247596.2247662,
	author = {K{\"{o}}pcke, Hanna and Thor, Andreas and Thomas, Stefan and Rahm,
	Erhard},
	title = {Tailoring entity resolution for matching product offers},
	booktitle = {Proceedings of the 15th International Conference on Extending Database
	Technology},
	year = {2012},
	pages = {545--550},
	address = {New York, NY, USA},
	publisher = {ACM},
	acmid = {2247662},
	doi = {10.1145/2247596.2247662},
	isbn = {978-1-4503-0790-1},
	location = {Berlin, Germany},
	numpages = {6},
	url = {http://doi.acm.org/10.1145/2247596.2247662}
}

@ARTICLE{jaccard,
	author = {Jaccard, Paul},
	title = {{\'{E}tude comparative de la distribution florale dans une portion
	des Alpes et des Jura}},
	journal = {Bulletin del la Soci\'{e}t\'{e} Vaudoise des Sciences Naturelles},
	year = {1901},
	volume = {37},
	pages = {547--579},
	citeulike-article-id = {4118068},
	posted-at = {2009-03-02 06:18:15},
	priority = {1}
}

@article{Jain1999,
 author = {Jain, A. K. and Murty, M. N. and Flynn, P. J.},
 title = {Data Clustering: A Review},
 journal = {ACM Comput. Surv.},
 issue_date = {Sept. 1999},
 volume = {31},
 number = {3},
 month = sep,
 year = {1999},
 issn = {0360-0300},
 pages = {264--323},
 numpages = {60},
 url = {http://doi.acm.org/10.1145/331499.331504},
 doi = {10.1145/331499.331504},
 acmid = {331504},
 publisher = {ACM},
 address = {New York, NY, USA},
 keywords = {cluster analysis, clustering applications, exploratory data analysis, incremental clustering, similarity indices, unsupervised learning},
} 

@BOOK{Jaro1978,
	title = {UNIMATCH: A Record Linkage System},
	publisher = {Bureau of the Census},
	year = {1978},
	author = {Jaro, Matthew A.},
	address = {Washington},
	citeulike-article-id = {9407109},
	keywords = {entity\_matching},
	posted-at = {2011-06-14 14:46:33},
	priority = {2}
}

@ARTICLE{Jones72,
	author = {Karen Spärck Jones},
	title = {A statistical interpretation of term specificity and its application in retrieval},
	journal = {Journal of Documentation},
	year = {1972},
	volume = {28},
	pages = {11--21}
}


@article{lapidot2002,
	title={Self-organizing-maps with BIC for speaker clustering},
	author={Lapidot, Itshak},
	year={2002},
	publisher={Citeseer}
}

@ARTICLE{Lee:2007:YCC:1323688.1323690,
	author = {Lee, Dongwon and Kang, Jaewoo and Mitra, Prasenjit and Giles, C.
	Lee and On, Byung-Won},
	title = {Are your citations clean?},
	journal = {Communications of the ACM},
	year = {2007},
	volume = {50},
	pages = {33--38},
	number = {12},
	month = dec,
	acmid = {1323690},
	address = {New York, NY, USA},
	doi = {10.1145/1323688.1323690},
	issn = {0001-0782},
	issue_date = {December 2007},
	numpages = {6},
	publisher = {ACM},
	url = {http://doi.acm.org/10.1145/1323688.1323690}
}

@ARTICLE{Levenshtein1966,
	author = {Levenshtein, Vladimir  I.},
	title = {{Binary Codes Capable of Correcting Deletions, Insertions and Reversals}},
	journal = {Soviet Physics Doklady},
	year = {1966},
	volume = {10},
	pages = {707-710},
	number = {8},
	added-at = {2008-03-15T10:37:17.000+0100},
	biburl = {http://www.bibsonomy.org/bibtex/21a29b294552edb63828d57f3495e2eb2/brightbyte},
	interhash = {55f7ad93fcb9ae3ed999afaa6e24937d},
	intrahash = {1a29b294552edb63828d57f3495e2eb2},
	keywords = {lexicography similarity},
	timestamp = {2008-03-15T10:37:17.000+0100},
	url = {http://profs.sci.univr.it/~liptak/ALBioinfo/files/levenshtein66.pdf}
}


@inproceedings{li2001cmar,
	title={CMAR: Accurate and efficient classification based on multiple class-association rules},
	author={Li, Wenmin and Han, Jiawei and Pei, Jian},
	booktitle={Data Mining, 2001. ICDM 2001, Proceedings IEEE International Conference on},
	pages={369--376},
	year={2001},
	organization={IEEE},
	url={http://ieeexplore.ieee.org/stamp/stamp.jsp?tp=&arnumber=989541}
}

@inproceedings{Macqueen1967,
	address = "Berkeley, Calif.",
	author = "MacQueen, J.",
	booktitle = "Proceedings of the Fifth Berkeley Symposium on Mathematical Statistics and Probability, Volume 1: Statistics",
	pages = "281--297",
	publisher = "University of California Press",
	title = "Some methods for classification and analysis of multivariate observations",
	url = "http://projecteuclid.org/euclid.bsmsp/1200512992",
	year = "1967"
}


@ARTICLE{masud2013, 
	author={Masud, M.M. and Qing Chen and Khan, L. and Aggarwal, C.C. and Jing Gao and Jiawei Han and Srivastava, A. and Oza, N.C.}, 
	journal={Knowledge and Data Engineering, IEEE Transactions on}, 
	title={Classification and Adaptive Novel Class Detection of Feature-Evolving Data Streams}, 
	year={2013}, 
	month={July}, 
	volume={25}, 
	number={7}, 
	pages={1484-1497}, 
	keywords={data mining;media streaming;text analysis;adaptive class detection;concept-drift;concept-evolution;data mining community;data stream classification techniques;ensemble classification framework;feature set homogenization technique;feature-evolution;historical data;infinite length;text streams;Data engineering;Data models;Feature extraction;Heuristic algorithms;Knowledge engineering;Training;Vocabulary;Data stream;concept-evolution;novel class;outlier}, 
	doi={10.1109/TKDE.2012.109}, 
	ISSN={1041-4347},
}

@book{Mitchell:1997:ML:541177,
	author = {Mitchell, Thomas M.},
	title = {Machine Learning},
	year = {1997},
	isbn = {0070428077, 9780070428072},
	edition = {1},
	publisher = {McGraw-Hill, Inc.},
	address = {New York, NY, USA},
} 

@INPROCEEDINGS{Monge1996,
	author = {Alvaro Monge and Charles Elkan},
	title = {The field matching problem: Algorithms and applications},
	booktitle = {Proceedings of the Second International Conference on Knowledge Discovery and Data Mining (KDD-96)},
	year = {1996},
	pages = {267--270},
	address = {Portland, Oregon},
	url={http://www.aaai.org/Papers/KDD/1996/KDD96-044.pdf}
}

@article{Murthy:1998:ACD:593421.593472,
	author = {Murthy, Sreerama K.},
	title = {Automatic Construction of Decision Trees from Data: A Multi-Disciplinary Survey},
	journal = {Data Mining knowledge Discovery},
	issue_date = {December 1998},
	volume = {2},
	number = {4},
	month = dec,
	year = {1998},
	issn = {1384-5810},
	pages = {345--389},
	numpages = {45},
	url = {http://dx.doi.org/10.1023/A:1009744630224},
	doi = {10.1023/A:1009744630224},
	acmid = {593472},
	publisher = {Kluwer Academic Publishers},
	address = {Hingham, MA, USA},
	keywords = {classification, data compaction, tree-structured classifiers},
} 

@article{NewCombe1959,
	author = {H. B. NewCombe and J. M. Kennedy and S. J. Axford and A. P. James},
	title = {Automatic Linkage of Vital Records},
	journal = {Science},
	volume = {130},
	number = {3381},
	pages = {954--959},
	issn = {0036-8075},
	month = {October},
	year = {1959}
}

@ARTICLE{Nguyen2011,
	author = {Nguyen, Hoa and Fuxman, Ariel and Paparizos, Stelios and Freire,
	Juliana and Agrawal, Rakesh},
	title = {Synthesizing products for online catalogs},
	journal = {Proceedings of the VLDB Endowment},
	year = {2011},
	volume = {4},
	pages = {409--418},
	number = {7},
	month = apr,
	acmid = {1988777},
	issn = {2150-8097},
	issue_date = {April 2011},
	numpages = {10},
	publisher = {VLDB Endowment},
	url = {http://dl.acm.org/citation.cfm?id=1988776.1988777}
}

@MastersThesis{oliveira2014metodo,
	author     =     {Oliveira, Claudiane Maria},
	title     =     {Um m{\'e}todo baseado em regras de associa{\c{c}}{\~a}o para classifica{\c{c}}{\~a}o de ofertas de produtos de lojas de com{\'e}rcio eletr{\^o}nico},
	school     =     {Universidade Federal de Lavras},
	address     =     {Minas Gerais - Brasil},
	year     =     {2014},
}

@phdthesis{paivadeteccao,
	title={Detec{\c{c}}{\~a}o de novidade em fluxos cont{\'\i}nuos de dados multiclasse},
	author={Paiva, Elaine Ribeiro de Faria},
	school={Universidade de S{\~a}o Paulo},
	year={2014}
}

@INPROCEEDINGS{Pasula03identityuncertainty,
	author = {Hanna Pasula and Bhaskara Marthi and Brian Milch and Stuart Russell
	and Ilya Shpitser},
	title = {Identity Uncertainty and Citation Matching},
	booktitle = {Proceedings of the advances in Neural Information Processing Systems},
	year = {2003},
	pages = {1401--1408},
	address = {Vancouver, Canada},
	publisher = {MIT Press}
}

@PHDTHESIS{Pereira2009,
	author = {Pereira, D. A.},
	title = {A web-based approach for entity resolution and creation of authority
	files},
	school = {Department of Computer Science, Federal University of Minas Gerais,
	Brazil},
	year = {2009},
	owner = {claudiane},
	timestamp = {2013.05.24}
}

@article{Pereira2011,
	author={Pereira, Denilson Alves and Ribeiro-Neto, Berthier and Ziviani, Nivio
	and Laender, Alberto H. F. and Gon{\c{c}}alves, Marcos Andr\&\#x00e9;},
	title={A Generic Web-based Entity Resolution Framework},
	journal={Journal of the American Society for Information Science and Technology},
	volume={62},
	number={5},
	pages={919-932},
	issn={1532-2890},
	doi={10.1002/asi.21518},
	month={May},
	year={2011}
}

@INPROCEEDINGS{Pereira2014,
	author={Denilson Alves Pereira and Eduardo Emanuel Braga da Silva and Ahmed A. A. Esmin},
	title={Disambiguating Publication Venue Titles using Association Rules},
	booktitle={ACM/IEEE Joint Conference on Digital Libraries (JCDL 2014)},
	pages={},
	month={Setember},
	year={2014},
	publisher  = {ACM/IEEE},
	address={London, UK},
	doi={}  
}

@inproceedings{Petrovski2014,
	author = {Petrovski, Petar and Bryl, Volha and Bizer, Christian},
	title = {Integrating Product Data from Websites Offering Microdata Markup},
	booktitle = {Proceedings of the Companion Publication of the 23rd International Conference on World Wide Web Companion},
	series = {WWW Companion '14},
	year = {2014},
	isbn = {978-1-4503-2745-9},
	location = {Seoul, Korea},
	pages = {1299--1304},
	numpages = {6},
	url = {http://dx.doi.org/10.1145/2567948.2579704},
	doi = {10.1145/2567948.2579704},
	acmid = {2579704},
	publisher = {International World Wide Web Conferences Steering Committee},
	address = {Republic and Canton of Geneva, Switzerland},
	keywords = {data integration, identity resolution, information extraction, microdata},
}

@ARTICLE{polikar2006, 
	author={Polikar, R.}, 
	journal={Circuits and Systems Magazine, IEEE}, 
	title={Ensemble based systems in decision making}, 
	year={2006}, 
	month={Third}, 
	volume={6}, 
	number={3}, 
	pages={21-45}, 
	keywords={decision making;decision support systems;error correction codes;expert systems;learning (artificial intelligence);learning systems;pattern classification;reviews;sensor fusion;AdaBoost;automated decision making;bagging;behavior knowledge space;boosting;confidence estimation;data fusion;decision templates;ensemble based systems;error correcting output codes;feature selection;incremental learning;multiple classifier systems;single-expert systems;stacked generalization;voting based techniques;Bagging;Boosting;Computational intelligence;Decision making;Error correction codes;Estimation error;Game theory;TV;Telephony;Voting}, 
	doi={10.1109/MCAS.2006.1688199}, 
	ISSN={1531-636X},
}

@article{rokach2010,
	year={2010},
	issn={0269-2821},
	journal={Artificial Intelligence Review},
	volume={33},
	number={1-2},
	doi={10.1007/s10462-009-9124-7},
	title={Ensemble-based classifiers},
	url={http://dx.doi.org/10.1007/s10462-009-9124-7},
	publisher={Springer Netherlands},
	keywords={Ensemble of classifiers; Supervised learning; Classification; Boosting},
	author={Rokach, Lior},
	pages={1-39},
	language={English}
}

@article{Salton1975,
	author = {Salton, G. and Wong, A. and Yang, C. S.},
	title = {A Vector Space Model for Automatic Indexing},
	journal = {Communications of the ACM},
	issue_date = {Nov. 1975},
	volume = {18},
	number = {11},
	month = nov,
	year = {1975},
	issn = {0001-0782},
	pages = {613--620},
	numpages = {8},
	url = {http://doi.acm.org/10.1145/361219.361220},
	doi = {10.1145/361219.361220},
	acmid = {361220},
	publisher = {ACM},
	address = {New York, NY, USA},
	keywords = {automatic indexing, automatic information retrieval, content analysis, document space},
} 

@article{spinosa2009,
	author = {Spinosa, Eduardo J. and de Leon F. de Carvalho, Andr{\'e} Ponce and Gama, Jo\~{a}o},
	title = {Novelty Detection with Application to Data Streams},
	journal = {Intelligent Data Analysis},
	issue_date = {August 2009},
	volume = {13},
	number = {3},
	month = aug,
	year = {2009},
	issn = {1088-467X},
	pages = {405--422},
	numpages = {18},
	url = {http://dl.acm.org/citation.cfm?id=1551768.1551770},
	acmid = {1551770},
	publisher = {IOS Press},
	address = {Amsterdam, The Netherlands, The Netherlands},
	keywords = {Novelty detection, clustering, k-means, unsupervised learning},
} 

@BOOK{tan2009,
	title = {Introduction to Data Mining - Mineração de Dados},
	publisher = {Editora Ciência Moderna Ltda},
	year = {2009},
	author = {Tan, Pang-Ning and Steinbach, Michael and Kumar, Vipin},
	address = {Rio de Janeiro, RJ, Brasil},
	isbn = {9788573937619}
}

@article{thabtah2007review,
	title={A review of associative classification mining},
	author={Thabtah, Fadi},
	journal={The Knowledge Engineering Review},
	volume={22},
	number={01},
	pages={37--65},
	year={2007},
	publisher={Cambridge Univ Press}
}

@book{Wainer2007,
	author = {Wainer, Jacques},
	chapter = {M\'{e}todos de pesquisa quantitativa e qualitativa para a ci\^{e}ncia computa\c{c}\~{a}o},
	citeulike-article-id = {3936238},
	citeulike-linkout-0 = {https://www.sbc.org.br/bibliotecadigital/?module=Public\&\#38;action=PublicationObject\&\#38;subject=230\&\#38;publicationobjectid=70},
	editor = {Kowaltowski, Tomasz and Breitman, Karin},
	keywords = {qualitative-methods, quantitative-methods, research-methods},
	pages = {221--262},
	posted-at = {2009-01-24 18:41:08},
	priority = {2},
	publisher = {Sociedade Brasileira de Computa\c{c}\~{a}o e Editora PUC-Rio},
	title = {{Atualiza\c{c}\~{a}o em inform\'{a}tica 2007}},
	url = {https://www.sbc.org.br/bibliotecadigital/?module=Public\&action=PublicationObject\&subject=230\&publicationobjectid=70},
	year = {2007}
}

@article{Whang2014,
	author = {Whang, Steven Euijong and Garcia-Molina, Hector},
	title = {Incremental Entity Resolution on Rules and Data},
	journal = {The VLDB Journal},
	issue_date = {February  2014},
	volume = {23},
	number = {1},
	month = feb,
	year = {2014},
	issn = {1066-8888},
	pages = {77--102},
	numpages = {26},
	url = {http://dx.doi.org/10.1007/s00778-013-0315-0},
	doi = {10.1007/s00778-013-0315-0},
	acmid = {2581631},
	publisher = {Springer-Verlag New York, Inc.},
	address = {Secaucus, NJ, USA},
	keywords = {Data cleaning, Data evolution, Entity resolution, Rule evolution},
} 

@article{wang2011approach,
	title={An approach for adaptive associative classification},
	author={Wang, Xiaofeng and Yue, Kun and Niu, WenJia and Shi, Zhongzhi},
	journal={Expert Systems with Applications},
	volume={38},
	number={9},
	pages={11873--11883},
	year={2011},
	publisher={Elsevier}
}


@article{wedyan2014review,
	title={Review and Comparison of Associative Classification Data Mining Approaches},
	author={Wedyan, Suzan},
	journal={International Journal of Computer, Information, Systems and Control Engineering},
	volume={8},
	number={1},
	pages={34--45},
	year={2014}
}

@inproceedings{Welch2012,
	author = {Welch, Michael J. and Sane, Aamod and Drome, Chris},
	title = {Fast and Accurate Incremental Entity Resolution Relative to an Entity Knowledge Base},
	booktitle = {Proceedings of the 21st ACM International Conference on Information and Knowledge Management},
	series = {CIKM '12},
	year = {2012},
	isbn = {978-1-4503-1156-4},
	location = {Maui, Hawaii, USA},
	pages = {2667--2670},
	numpages = {4},
	url = {http://doi.acm.org/10.1145/2396761.2398719},
	doi = {10.1145/2396761.2398719},
	acmid = {2398719},
	publisher = {ACM},
	address = {New York, NY, USA},
	keywords = {deduplication, entity resolution, knowledge base},
} 

@TECHREPORT{Winkler1999,
	author = {William E. Winkler},
	title = {The State of Record Linkage and Current Research Problems},
	year = {1999},
	address = {Statistical Research Division, U.S. Census Bureau}
}

@article{wolpert1992stacked,
	title={Stacked generalization},
	author={Wolpert, David H},
	journal={Neural networks},
	volume={5},
	number={2},
	pages={241--259},
	year={1992},
	publisher={Elsevier}
}


@inproceedings{yin2003cpar,
	title={CPAR: Classification based on Predictive Association Rules.},
	author={Yin, Xiaoxin and Han, Jiawei},
	booktitle={SDM},
	volume={3},
	pages={369--376},
	year={2003},
	organization={SIAM}
}


@inproceedings{Zhang2012,
	author = {Zhang, Yongzheng and Mukherjee, Rajyashree and Soetarman, Benny},
	title = {Concept Extraction for Online Shopping},
	booktitle = {Proceedings of the 14th Annual International Conference on Electronic Commerce},
	series = {ICEC '12},
	year = {2012},
	isbn = {978-1-4503-1197-7},
	location = {Singapore, Singapore},
	pages = {48--53},
	numpages = {6},
	url = {http://doi.acm.org/10.1145/2346536.2346545},
	doi = {10.1145/2346536.2346545},
	acmid = {2346545},
	publisher = {ACM},
	address = {New York, NY, USA},
	keywords = {automatic keyphrase extraction, concept extraction, online shopping},
} 


@unpublished{Vaishnavi2004,
    author = {Vaishnavi, V. and Kuechler, W.},
    citeulike-article-id = {6505471},
    day = {20},
    keywords = {design-research, information-systems, meso, methodology},
    month = jan,
    posted-at = {2010-01-08 17:08:50},
    priority = {2},
    title = {{Design Research in Information Systems}},
    year = {2004}
}

@book{Prodanov2013,
  title={Metodologia do Trabalho Cient{\'\i}fico: M{\'e}todos e T{\'e}cnicas da Pesquisa e do Trabalho Acad{\^e}mico-2{\textordfeminine} Edi{\c{c}}{\~a}o},
  author={Prodanov, Cleber Cristiano and de Freitas, Ernani Cesar},
  year={2013},
  publisher={Editora Feevale}
}

@book{Jung2004,
  title={Metodologia para pesquisa e desenvolvimento: aplicada a novas tecnologias, produtos e processos},
  author={Jung, Carlos Fernando},
  year={2004},
  publisher={Axcel Books}
}